2339 3382
500 197 535 228 Si
568 203 680 228 autem
714 198 762 228 vis
794 198 881 228 scire
914 203 1027 228 utrum
1057 198 1252 230 coniunctio
1278 199 1332 230 vel
1356 199 1539 239 proventio
1563 200 1607 230 sit
1640 200 1683 231 de
1708 200 1765 232 die
1789 201 1846 232 vel
1871 201 1913 232 de
1938 206 2039 233 nocte
2063 202 2154 234 scias
2176 213 2238 244 per

390 249 522 288 signnm
548 254 581 279 et
605 248 751 290 gradum
776 248 857 279 solis
882 248 985 280 horas
1010 249 1203 281 medietatis
1234 250 1325 281 illius
1349 249 1417 280 diei
1444 260 1529 291 quas
1554 250 1710 283 invenies
1734 251 1768 282 in
1793 252 1929 284 directo
1954 252 2095 284 tabulae
2127 259 2238 285 motus

389 300 469 330 solis
485 299 518 329 in
535 311 601 330 una
620 299 715 333 horn,
733 310 822 340 qnae
840 299 866 329 si
886 299 1011 331 fuerint
1035 300 1155 341 plures
1181 312 1284 342 quam
1310 300 1416 331 horae
1441 301 1603 332 inventae
1627 302 1660 333 in
1685 302 1803 334 tabula
1828 303 2048 335 differentiae
2074 314 2239 336 excessus

391 350 485 387 bath,
510 356 590 380 tunc
609 350 671 381 erit
688 350 883 381 coniunctio
908 350 965 382 vel
988 351 1170 393 preventio
1195 352 1237 383 de
1263 352 1334 382 die:
1360 351 1387 383 si
1413 357 1529 383 autem
1546 352 1612 384 sint
1629 353 1812 394 panciores
1828 354 1992 386 subtrahe
2010 365 2068 386 eas
2085 355 2129 387 ab
2145 356 2238 387 horis

390 401 480 441 prius
505 400 653 431 inventis
678 407 710 431 et
736 401 829 442 quod
853 401 1046 433 remanebit
1070 408 1170 433 erunt
1193 403 1300 433 horae
1324 402 1576 434 coniunctionis
1601 403 1660 435 vel
1682 404 1911 444 oppositionis
1931 411 2011 436 ante
2029 411 2141 437 ortum
2158 406 2239 437 solis

388 451 559 482 sciliceta
577 451 689 482 media
706 457 807 482 nocte
832 457 865 482 et
889 451 979 483 ultra
1004 452 1060 484 vel
1085 458 1163 494 post
1187 463 1351 484 occasum
1375 464 1485 494 usque
1509 453 1555 484 ad
1580 453 1730 485 mediam
1754 460 1902 487 noctem.
1928 455 1960 487 A
1984 455 2127 488 meridie
2149 457 2237 488 enim

389 512 496 544 usque
522 502 567 533 ad
592 502 740 534 mediam
766 508 905 534 noctem
921 513 1058 544 semper
1075 509 1153 535 sunt
1175 505 1211 535 12
1228 504 1335 536 horae
1354 510 1387 535 et
1405 505 1549 535 totIdem
1568 515 1588 536 a
1605 505 1720 537 media
1737 511 1839 537 nocte
1856 517 1965 547 usque
1983 507 2027 538 ad
2045 508 2237 539 meridiem.

491 601 689 667 Regula
733 602 1044 668 praecedenti
1091 603 1333 654 invenitur
1378 614 1569 653 tantum
1614 604 1718 655 dies
1756 605 2011 672 opposit.nis
2052 607 2128 658 vei
2165 626 2237 657 co-

386 684 594 736 niunct.is
632 684 741 735 solis
781 695 827 736 et
864 685 1032 744 Iunae;
1074 697 1121 736 at
1159 687 1196 737 si
1235 687 1407 738 horam
1452 687 1689 754 placuerit
1727 688 1847 740 scire
1885 688 1985 740 sive
2031 690 2088 740 sit
2125 701 2235 741 ante

386 769 460 820 vel
499 779 607 836 post
646 769 901 821 meridiem
938 770 1033 821 diei
1070 770 1192 821 illius
1230 771 1326 822 iam
1363 771 1558 828 inventi,
1590 772 1934 838 conspicienda
1968 784 2039 825 est
2072 774 2238 825 tabula

386 873 554 918 cursus
592 854 735 904 lunae
775 864 821 904 et
858 853 968 904 solis
1010 853 1058 903 in
1106 874 1205 906 una
1242 855 1374 906 hora.
1426 854 1618 906 Cursus
1665 856 1809 907 lunae
1857 857 2100 908 invenitur
2147 878 2236 925 per

384 948 732 1003 argumentum
770 938 912 988 lunae
950 948 1246 1005 aequatum:
1284 958 1453 989 cursus
1499 950 1666 991 autem
1709 940 1819 991 solis
1863 941 2104 1006 invenitur
2141 961 2231 1008 per

385 1041 556 1072 verum
610 1022 771 1072 Iocum
824 1021 946 1073 solis.
987 1022 1186 1074 Horum
1223 1023 1533 1074 velocitatum
1571 1024 1681 1075 solis
1727 1034 1773 1075 et
1810 1025 1953 1076 lunae
2005 1024 2058 1076 fit
2108 1025 2236 1077 diffe-

384 1105 550 1163 rentia,
580 1125 707 1172 quae
734 1105 1012 1156 nominatur
1050 1127 1170 1158 voce
1208 1107 1436 1159 hebraica
1474 1108 1613 1158 buth.
1652 1107 1733 1158 Ex
1766 1108 1932 1160 tabula
1958 1129 2072 1161 vero
2112 1109 2236 1160 buth

384 1190 504 1240 scire
542 1209 744 1256 possum
782 1200 931 1257 quota
968 1190 1087 1241 hora
1133 1191 1373 1258 oppositio
1422 1192 1498 1243 vel
1551 1191 1823 1243 coniunctio
1873 1193 1960 1244 erit
1997 1203 2108 1244 ante
2158 1194 2235 1245 vel

384 1284 493 1340 post
531 1273 798 1325 meridiem.
839 1274 893 1324 In
931 1275 1114 1325 tabula*
1134 1275 1394 1326 velocitatis
1438 1275 1657 1327 horariae
1697 1277 1808 1328 solis
1845 1276 2053 1328 habetur
2092 1277 2236 1328 etiam

384 1359 431 1408 in
469 1358 650 1409 directo
688 1358 787 1409 veri
833 1379 1002 1410 cursus
1040 1359 1150 1410 solis
1187 1359 1421 1411 horarum
1458 1380 1694 1412 numerus
1746 1361 2017 1412 medietatis
2055 1361 2150 1412 diei
2186 1361 2235 1412 in

383 1442 572 1494 climate
610 1441 1055 1510 Montispessulani
1093 1464 1191 1511 qua
1228 1444 1291 1495 de
1331 1465 1393 1502 re,
1432 1444 1468 1494 si
1507 1444 1584 1495 hic
1614 1444 2029 1504 numerusmaior
2055 1444 2112 1495 sit
2149 1465 2233 1495 nu-

383 1547 518 1578 mero
558 1526 786 1578 horarum
822 1527 1143 1585 inventarum,
1173 1547 1344 1595 oppos,
1374 1528 1450 1579 vel
1477 1527 1752 1580 coniunctio
1779 1529 1866 1580 erit
1894 1528 1957 1580 de
1986 1528 2079 1587 die,
2119 1528 2233 1580 alias

382 1622 548 1663 autem
586 1611 673 1663 erit
710 1612 772 1662 de
810 1622 966 1663 nocte.

493 1758 580 1802 Pag.
605 1760 635 1797 5,
659 1760 717 1791 lin.
740 1769 796 1802 39.
821 1760 856 1791 Si
882 1766 997 1792 autem
1023 1760 1108 1792 velis
1131 1760 1222 1792 scire
1248 1761 1362 1792 locum
1387 1761 1457 1792 eius
1482 1761 1613 1801 (lunae)
1630 1761 1664 1791 in
1682 1761 1826 1792 zodiaco
1843 1761 1876 1791 in
1894 1760 1999 1803 signis
2016 1760 2182 1803 gradibus
2201 1765 2234 1791 et

385 1810 520 1840 minutis
537 1816 694 1851 tempore
711 1811 962 1843 coniunctionis
979 1812 1034 1843 vel
1051 1811 1278 1853 oppositionis
1292 1812 1412 1853 accipe
1430 1812 1666 1843 differentiam
1680 1822 1842 1843 excessus
1857 1811 1999 1843 alterius
2017 1811 2235 1842 luminarium

386 1861 429 1891 ad
455 1862 601 1892 alterum
619 1863 651 1893 in
675 1863 912 1895 coniunctione
939 1863 1077 1904 quidem
1102 1863 1136 1893 in
1159 1863 1276 1905 signis,
1299 1862 1478 1906 gradibus,
1503 1869 1536 1893 et
1560 1863 1698 1894 minutis
1723 1869 1756 1894 et
1779 1863 1952 1900 secundis,
1969 1862 2002 1892 in
2019 1861 2234 1903 oppositione

385 1922 465 1943 vero
483 1918 615 1944 tantum
641 1913 674 1943 in
699 1914 865 1955 gradibus
890 1914 1026 1945 minutis
1052 1920 1085 1944 et
1102 1914 1275 1945 secundis.
1301 1913 1391 1945 Nam
1407 1914 1440 1944 in
1458 1914 1674 1956 oppositione
1692 1923 1830 1955 semper
1847 1919 1986 1954 oportet
2004 1923 2080 1945 esse
2105 1912 2234 1944 distan-

386 1964 466 1994 tiam
490 1964 577 1995 inter
602 1965 782 1996 luminaria
806 1977 868 2007 per
895 1965 909 1999 7
936 1965 1067 2008 gradus
1093 1965 1139 1996 ita
1164 1971 1279 1996 tamen
1297 1965 1391 2007 quod
1408 1965 1442 1995 in
1460 1965 1700 1996 coniunctione
1725 1965 1779 1996 vel
1803 1964 2021 2006 oppositione
2039 1974 2106 1995 non
2123 1964 2166 1995 sit
2184 1963 2234 1995 di-

384 2015 516 2045 stancia
539 2016 649 2046 maior
675 2017 689 2049 7
717 2017 887 2059 graduum
913 2017 993 2058 quia
1010 2022 1091 2048 tunc
1109 2027 1176 2047 non
1199 2022 1317 2057 posset
1334 2026 1408 2047 esse
1427 2015 1621 2047 coniunctio
1639 2015 1695 2047 vel
1713 2015 1894 2056 preventio
1911 2014 1969 2045 illa
1987 2015 2043 2046 die
2060 2014 2122 2045 sed
2138 2013 2165 2045 si
2181 2013 2233 2045 sol

384 2066 460 2106 plus
478 2068 709 2107 praecesserit
733 2068 797 2099 erit
822 2067 944 2099 futura.
969 2067 1005 2099 Si
1022 2068 1102 2098 Iuna
1118 2067 1187 2098 iam
1205 2066 1383 2108 praeteriit
1399 2077 1462 2108 per
1478 2077 1582 2097 unam
1600 2066 1691 2098 diem
1707 2066 1820 2098 scribe
1838 2076 1921 2109 ergo
1939 2065 2170 2097 differentiam
2188 2065 2233 2096 ad

384 2123 520 2158 partem
538 2118 774 2150 subtrahendo
801 2125 908 2149 totum
927 2119 1092 2150 minorem
1110 2129 1130 2149 a
1155 2124 1227 2149 toto
1251 2118 1370 2149 maiori
1395 2123 1429 2148 et
1446 2117 1539 2159 quod
1556 2117 1747 2148 remanebit
1765 2117 1828 2147 erit
1846 2116 2044 2148 differentia
2061 2121 2095 2146 et
2111 2114 2232 2156 accipe

384 2168 577 2199 huiusmodi
595 2168 808 2201 differentiae
826 2175 961 2210 partem
982 2171 1053 2201 12⁸⁰*
1071 2180 1174 2210 quam
1190 2168 1379 2200 subscribis
1396 2168 1480 2199 locis
1497 2167 1725 2199 luminarium.
1742 2166 1880 2199 Deinde
1898 2166 2020 2208 accipe
2037 2166 2137 2197 istam
2153 2175 2233 2207 par-

386 2225 454 2249 tem
484 2220 559 2250 12⁶¹¹¹
583 2220 683 2251 simul
708 2220 864 2252 additam
890 2232 967 2251 cum
993 2220 1193 2252 differentia
1218 2230 1323 2262 quam
1347 2218 1544 2251 subscribes
1569 2219 1660 2259 parti
1680 2219 1729 2250 12.
1753 2219 1797 2250 Et
1822 2224 1901 2259 post
1926 2218 2007 2250 vide
2033 2217 2109 2258 quis
2134 2217 2232 2250 lumi-

387 2269 519 2301 narium
543 2271 620 2312 plus
646 2272 884 2312 praecesserit,
908 2282 988 2303 nam
1012 2272 1039 2303 si
1064 2272 1146 2302 luna
1170 2271 1247 2312 plus
1271 2270 1464 2312 praecessit
1488 2280 1592 2311 quam
1617 2270 1669 2301 sol
1695 2269 1863 2301 subtrahe
1892 2268 2124 2300 differentiam
2155 2278 2232 2300 cum

391 2321 427 2351 12
452 2332 473 2352 a
496 2321 573 2353 loco
598 2322 700 2353 lunae
726 2328 759 2353 et
787 2323 824 2354 12
850 2328 982 2353 tantum
1008 2334 1027 2353 a
1051 2322 1128 2354 loco
1152 2322 1234 2353 solis
1259 2327 1292 2353 et
1317 2321 1411 2363 quod
1433 2321 1636 2353 remanserit
1656 2327 1735 2362 post
1759 2320 2031 2352 subtractionem
2055 2319 2110 2350 vel
2134 2318 2231 2350 addi-

386 2371 510 2403 tionem
536 2373 753 2413 praedictam
778 2374 841 2404 erit
865 2384 966 2405 verus
991 2373 1089 2404 locus
1114 2373 1364 2404 coniunctionis
1388 2372 1442 2403 vel
1467 2372 1725 2413 praeventionis
1746 2371 1840 2413 quod
1857 2377 1954 2412 patet
1971 2381 2033 2411 per
2056 2369 2233 2401 uniformi-

386 2428 492 2454 tatem
519 2424 690 2466 graduum
715 2424 919 2456 minutorum
944 2424 1173 2456 secundorum
1199 2429 1233 2455 et
1257 2424 1434 2466 signorum
1458 2423 1491 2454 in
1515 2422 1770 2460 coniunctione,
1795 2432 1857 2463 per
1882 2421 2081 2453 distantiam
2107 2431 2189 2452 vero
2214 2420 2229 2453 7

385 2473 419 2504 in
444 2475 670 2515 oppositione.

491 2592 661 2661 Usque
699 2614 828 2645 nunc
866 2605 1215 2658 argumentum
1253 2604 1445 2644 tantum
1490 2604 1537 2644 et
1582 2613 1781 2644 cursum
1825 2592 2044 2643 medium
2089 2591 2230 2643 lunae

387 2676 566 2726 scimus
599 2677 648 2727 in
681 2698 852 2744 oppos.
889 2679 967 2729 vel
1000 2678 1234 2729 coniunct.
1270 2677 1602 2735 Iuminarium;
1639 2686 1829 2743 oportet
1861 2676 1980 2741 ¹ergio
2013 2674 2230 2726 invenire
2257 2700 2260 2702 ·

388 2760 549 2811 locum
586 2781 759 2812 verum
797 2762 939 2813 lunae
977 2762 1025 2812 in
1063 2761 1274 2812 zodiaco,
1835 2820 1839 2824 Δ

493 2844 742 2911 Aequatio
780 2845 1054 2911 argumenti
1093 2845 1238 2896 lunae
1275 2844 1325 2894 in
1363 2843 1699 2895 coniunctione
1734 2853 1804 2894 est
1836 2859 1858 2903 7
1883 2861 1956 2908 gr.
1986 2861 2052 2906 40
2080 2863 2144 2894 m.
2180 2843 2229 2893 in

387 2927 690 2994 oppositione
729 2949 844 2979 vero
884 2948 939 2987 0;
981 2949 1139 2995 quum
1179 2947 1297 2995 ergo
1335 2937 1684 2993 argumentum
1736 2927 1880 2978 lunae
1928 2925 1975 2991 in
2027 2926 2123 2977 tab.
2171 2925 2228 2976 sit

1142 3063 1187 3097 ἑὲ
1223 3052 1397 3093 XXVIII
1434 3059 1477 3093 ὦ
