2352 3473
201 249 353 280 Gentiles
378 249 468 279 enim
494 249 776 290 philosophorum
801 250 970 281 rationem
993 249 1103 280 secuti
1128 250 1200 280 dies
1227 261 1245 280 a
1269 250 1417 290 planetis
1442 250 1624 292 praedicto
1650 251 1751 282 modo
1778 251 1931 282 denomi-

93 308 272 333 naverunt.
297 301 341 332 Et
366 302 432 334 iste
456 302 571 334 adhuc
597 310 649 333 est
673 302 886 334 communior
909 301 1031 333 modus
1055 301 1300 333 denominandi
1318 303 1410 343 ipsos
1427 309 1460 334 et
1477 303 1552 334 fere
1570 303 1614 335 ab
1632 304 1787 335 omnibus
1805 304 1931 335 solem-

91 355 178 386 niter
205 355 418 388 observatur.
444 356 694 388 Verumtamen
710 362 830 388 sancta
842 355 1003 388 Ecclesia
1020 355 1116 397 (quia
1131 357 1279 396 gentiles
1299 357 1460 397 planetas
1479 357 1564 389 deos
1589 367 1664 388 esse
1682 357 1867 399 putabant)
1885 369 1928 388 ne

90 410 195 441 errori
219 420 336 441 eorum
361 411 526 442 assentire
550 410 727 442 videretur
751 410 1051 442 denominationes
1074 409 1269 441 huiusmodi
1293 410 1485 441 immutavit
1503 417 1536 441 et
1554 411 1701 452 primum
1718 411 1809 442 diem
1827 411 1932 452 septi-

92 472 213 493 manae
237 463 354 503 (quam
378 462 511 504 antiqui
535 474 554 493 a
579 465 653 494 sole
678 463 954 503 nominaverant)
978 463 1022 495 ab
1044 464 1120 504 ipso
1143 463 1216 494 sole
1242 463 1390 494 iustitiae
1412 470 1445 494 ct
1462 475 1575 495 rerum
1596 465 1747 495 omniurn
1772 472 1930 496 creatore

89 520 123 545 et
146 514 369 555 omnipotenti
394 515 534 546 domino
560 515 766 547 dominicam
791 515 1029 558 apppellavit:
1055 526 1097 547 eo
1122 516 1262 558 quidem
1288 516 1368 558 qnia
1391 517 1425 547 in
1448 518 1524 559 ipsa
1549 518 1604 549 die
1630 519 1794 550 mundum
1811 529 1931 550 creare

88 567 227 608 incepit,
251 567 285 598 in
309 567 431 600 eadem
457 568 512 600 die
537 568 632 600 nasci
655 568 699 600 de
722 574 821 601 utero
845 569 1019 612 gloriosae
1050 568 1204 610 Virginis
1236 570 1358 608 voluit,
1389 571 1465 611 ipsa
1497 571 1552 603 die
1577 571 1622 602 ab
1651 571 1767 603 inferis
1791 572 1930 604 devicta

91 628 199 652 morte
222 621 409 652 resurrexit
433 628 468 653 et
491 621 647 663 spiritum
671 628 829 654 sanctum
853 623 886 654 in
911 623 1091 665 apostolos
1116 623 1218 654 misit.
1245 622 1346 664 (Cap.
1372 623 1484 663 VIII).

200 673 301 711 Quae
325 675 458 717 plenius
482 675 690 717 perscrutati
716 685 832 706 sumus
856 674 890 705 in
913 685 981 706 uno
1004 674 1091 706 libro
1114 685 1217 716 quem
1241 675 1284 706 de
1309 675 1412 706 modo
1437 676 1631 717 equationis
1649 677 1868 716 planetarum
1886 679 1930 708 ad

89 727 262 759 istantiam
287 728 363 759 D.ni
387 728 520 759 Urbani
545 728 662 769 Papae
687 727 811 765 Quarti
835 727 1004 759 edidimus
1027 727 1189 768 ponendo
1218 728 1304 758 haec
1328 728 1443 759 omnia
1459 728 1493 759 in
1511 730 1659 760 numeris
1677 730 1780 761 certis
1798 737 1831 762 et
1849 741 1930 762 exa-

90 780 224 812 minatis
249 792 268 812 a
293 781 401 813 nobis.
428 781 658 821 (CAMPANUS,
684 781 738 813 De
761 781 911 823 Sphcra‚
936 791 1014 822 cap.
1039 780 1126 811 XIII
1151 781 1184 811 in
1208 781 1299 822 fine).

198 884 282 927 Pag.
307 887 337 922 2,
362 884 419 917 lin.
445 878 503 925 30]
525 885 589 916 Est
620 891 735 916 autem
768 885 949 927 longitudo
978 885 1050 916 eius
1080 884 1415 927 (Montispessulani)
1443 886 1486 918 ab
1511 888 1643 917 oriente
1673 888 1731 918 148
1761 888 1931 929 graduum

89 938 145 968 vel
170 937 213 969 ab
237 936 334 969 Arim
351 933 412 976 ⁴58,
436 938 480 970 ab
505 938 688 970 occidente
713 949 795 970 vero
820 940 861 969 22
884 938 1069 981 graduum,
1094 939 1243 970 latitudo
1268 944 1385 971 autem
1410 939 1480 971 eius
1505 941 1546 972 43
1569 940 1752 983 graduum.

195 1045 467 1098 Arzachael
504 1046 586 1114 qui
624 1047 811 1097 tabulas
847 1068 889 1098 a.
930 1052 1034 1107 1078
1071 1047 1119 1097 in
1157 1047 1347 1099 civitate
1397 1048 1576 1099 Toleto
1629 1049 1842 1099 exaravit
1879 1049 1927 1099 in

63 1157 66 1160 ⁴
89 1130 393 1197 planetarum
418 1130 674 1188 Theorica,
705 1130 842 1181 cuius
869 1130 1024 1182 versio
1062 1130 1207 1181 latina
1244 1130 1470 1183 Gerardo
1498 1128 1819 1183 Cremonensi
1857 1134 1928 1183 tri-

91 1214 264 1273 buitur,
312 1214 523 1265 similiter
560 1215 692 1266 dicit:
735 1220 762 1236 “
785 1215 1070 1281 Longitudo
1108 1226 1274 1266 autem
1312 1215 1401 1267 loci
1439 1217 1502 1267 ad
1540 1216 1759 1267 medium
1797 1217 1928 1268 diem

88 1298 223 1350 cuius
274 1298 458 1350 radices
509 1299 784 1366 praedictae
837 1298 884 1348 in
931 1298 1023 1349 hoc
1069 1299 1188 1349 libro
1227 1310 1338 1350 sunt
1375 1300 1531 1366 posite
1568 1300 1651 1367 qui
1691 1300 1927 1352 Toletum

89 1382 274 1441 dicitur,
316 1394 388 1434 est
425 1393 633 1451 quatuor
677 1383 908 1435 horarum
953 1383 1164 1450 spatium
1216 1395 1263 1435 et
1315 1384 1535 1436 decimae
1587 1384 1731 1445 unius
1782 1384 1928 1436 horae

88 1469 171 1529 (61ο
207 1465 288 1529 30')
328 1488 356 1518 a
393 1467 554 1518 medio
593 1467 777 1526 mundi,
818 1467 899 1534 qui
937 1468 1071 1518 locus
1117 1468 1291 1519 dicitur
1329 1489 1433 1521 esse
1470 1468 1521 1519 in
1565 1459 1701 1519 India
1738 1469 1785 1519 in
1824 1468 1929 1520 civi-

87 1560 185 1602 tate
224 1551 414 1608 scilicet,
455 1571 583 1619 quae
620 1562 819 1603 vocatur
858 1552 1004 1603 Arim
1042 1552 1180 1604 cuius
1218 1552 1470 1619 longitudo
1501 1552 1563 1602 ab
1593 1552 1844 1604 occidente
1881 1553 1929 1603 in

87 1635 323 1686 orientem
367 1646 437 1687 est
480 1636 854 1703 nonagesimum
891 1637 1115 1704 gradum,
1156 1636 1357 1687 latitudo
1396 1655 1512 1687 vero
1551 1636 1654 1686 eius
1690 1635 1820 1686 nulla
1859 1647 1929 1687 est

91 1739 148 1771 eo
175 1720 311 1786 quod
337 1719 428 1771 sub
458 1719 745 1787 equinoxiali
779 1720 902 1772 linea
935 1720 1023 1771 sita
1057 1732 1142 1772 est.
1164 1764 1184 1779 ,‚
1222 1720 1277 1771 In
1300 1720 1545 1771 Theorica
1572 1720 1715 1771 item:
1747 1719 1927 1770 “Arim

88 1803 230 1854 distat
256 1804 317 1855 ab
345 1804 562 1872 utrisque
594 1804 804 1870 gadibus
837 1803 1034 1867 (Cadix)
1071 1805 1248 1856 scilicet
1286 1803 1561 1859 Alexandri
1600 1814 1647 1855 et
1683 1803 1924 1860 Herculis,

87 1887 378 1955 aequaliter:
419 1888 562 1939 distat
600 1887 730 1940 enim
767 1909 796 1939 a
831 1888 1041 1954 gadibus
1086 1889 1359 1940 Alexandri
1404 1887 1570 1955 positis
1618 1887 1666 1938 in
1717 1886 1927 1939 Oriente

86 1990 149 2036 90
175 1972 410 2039 gradibus
437 1983 484 2024 et
521 1994 549 2024 a
584 1973 796 2040 gadibus
832 1972 1062 2024 Herculis
1099 1973 1264 2040 positis
1288 1972 1349 2024 ¹in
1386 1972 1640 2024 occidente
1672 1990 1736 2036 90
1773 1972 1928 2038 gradi-

86 2055 179 2107 bus
217 2067 264 2107 et
301 2057 363 2108 ab
401 2067 610 2124 utroque
648 2057 761 2124 polo
799 2077 878 2128 90.
904 2101 929 2116 ‚‚
970 2057 1212 2110 Attamen
1248 2058 1297 2108 in
1341 2067 1545 2108 tractatu
1597 2055 1927 2107 Mohammed

86 2139 371 2209 Alkarizmy
397 2141 480 2208 qui
507 2141 667 2193 floruit
694 2142 901 2208 Bagdad
923 2141 1061 2208 juxta
1088 2142 1363 2194 versionem
1393 2140 1631 2193 Adelardi
1670 2138 1925 2191 Bathensis

85 2223 176 2287 (XI
213 2226 356 2288 saec.)
395 2224 514 2276 haec
550 2225 838 2278 invenimus,
878 2225 993 2289 (Ms.
1031 2227 1152 2279 Bibl.
1192 2227 1431 2285 Charthr„
1474 2247 1519 2279 n.
1560 2229 1665 2289 172):
1709 2233 1734 2248 “
1759 2225 1920 2276 Posita

85 2318 156 2358 est
199 2307 247 2358 in
291 2308 382 2360 hoc
426 2308 670 2360 volumine
715 2310 778 2360 ab
823 2310 1147 2362 Elkauresmo
1196 2311 1485 2362 examinatio
1524 2311 1829 2378 planetarum
1873 2319 1920 2360 et

83 2392 315 2459 temporis
359 2393 634 2444 secundum
678 2393 898 2445 medium
942 2395 1104 2446 locum
1148 2405 1305 2446 terrae
1350 2394 1535 2446 dictum
1573 2393 1715 2451 Arin,
1756 2414 1784 2444 a
1820 2412 1919 2459 quo

83 2475 285 2542 quidem
328 2477 392 2527 ad
436 2488 645 2544 quatuor
685 2478 853 2529 mundi
899 2478 1129 2529 terminos
1173 2478 1386 2546 aequalis
1431 2478 1640 2529 habetur
1682 2475 1916 2533 distantia,

83 2559 345 2625 nonaginta
381 2560 603 2612 videlicet
640 2562 834 2628 gradus,
860 2562 1135 2613 secundum
1172 2573 1398 2630 quartam
1435 2561 1597 2614 circuli
1634 2559 1918 2628 portionem.

83 2641 280 2694 Omnes
318 2643 448 2695 enim
485 2655 640 2696 terrae
678 2645 902 2711 regiones
938 2646 1199 2698 inscribere
1227 2647 1490 2714 omniaque
1518 2657 1740 2712 tempora
1768 2644 1919 2695 deter-

82 2726 266 2778 minare
294 2739 365 2778 est
391 2728 633 2780 tediosum
660 2740 706 2782 et
732 2729 1083 2797 inexplicabile.
1124 2729 1295 2795 Quare
1330 2751 1419 2798 pro
1453 2728 1756 2796 temporibus
1789 2727 1920 2777 innu-

82 2811 226 2862 meris
263 2811 488 2863 meridies
526 2832 615 2880 pro
656 2813 792 2864 terris
832 2813 1027 2865 infinitis
1064 2814 1194 2865 Arin
1231 2825 1459 2865 annotata
1497 2824 1622 2870 sunt,
1649 2832 1707 2863 eo
1745 2810 1920 2862 scilicet

81 2904 248 2945 tenore
273 2906 326 2946 ut
352 2896 416 2947 ab
444 2895 534 2947 hac
561 2896 720 2948 radice
754 2917 843 2964 per
880 2898 1072 2964 regulas
1109 2897 1475 2963 geometricales
1514 2908 1560 2948 et
1597 2893 1919 2947 arithmeticas

82 2988 272 3029 coetera
309 2979 532 3045 regiones
568 2991 615 3031 et
653 2991 875 3048 tempora
912 2982 1236 3033 determinare
1275 3001 1373 3033 non
1410 2981 1467 3031 sit
1504 2979 1709 3032 difficile,
1734 3020 1754 3035 ‚,

872 3107 1132 3152 ἑὸΧΙΧώ
