2352 3473
77 263 206 316 enim
241 263 374 314 idem
412 261 604 313 medius
642 271 803 311 motus
841 260 963 317 solis,
1003 258 1192 310 veneris
1231 269 1277 310 et
1322 257 1574 309 mercurii:
1621 266 1666 308 et
1717 257 1764 307 in
1814 257 1910 306 istis
1944 253 1947 259 ”

74 358 182 399 octo
223 347 357 398 annis
401 345 613 412 complet
658 345 876 412 quinque
920 341 1245 394 revolutiones
1290 341 1489 408 epicycli
1535 360 1633 391 uno
1670 340 1828 406 gradu
1868 349 1913 390 et

75 448 120 492 27
156 431 271 482 min,
311 430 492 497 gradus
532 428 734 496 epicycli
774 427 958 493 magis:
999 437 1046 477 et
1082 424 1176 476 hoc
1213 425 1352 476 ideo:
1393 424 1507 491 quia
1540 434 1700 474 motus
1727 423 1914 474 veneris

75 516 123 566 in
151 513 364 581 epicyclo
392 533 480 563 suo
508 513 780 579 completur
806 512 854 563 in
881 514 970 575 582Γ
1003 511 1178 563 diebus
1215 509 1342 561 fere:
1382 511 1475 560 hoc
1515 521 1586 561 est
1622 501 1683 560 in'
1707 515 1782 570 583
1820 509 1915 560 die-

76 600 170 650 bus
206 602 258 659 56
296 597 492 648 minutis
529 597 638 648 diei.
678 596 829 663 Igitur
867 595 1131 662 multiplica
1167 599 1245 655 583
1283 593 1387 645 dies
1425 604 1471 644 et
1509 597 1560 654 56
1599 593 1784 645 minuta
1820 592 1914 667 diei

78 703 166 750 per
191 701 456 733 numerum
482 680 841 733 revolutionum
868 678 1069 746 epicycli
1095 678 1143 728 in
1169 689 1278 729 octo
1305 677 1467 729 annis:
1503 677 1789 744 provenient
1816 671 1916 743 2'919

77 766 181 817 dies
214 784 280 830 40
310 764 495 815 minuta
527 764 650 815 diei:
691 783 815 830 quos
853 763 890 813 si
928 762 1114 813 dividas
1152 782 1240 829 per
1277 781 1540 812 numerum
1577 761 1769 812 dierum
1806 762 1917 811 anni

78 854 154 911 365
172 872 173 875 ¹
193 859 241 900 et
278 859 516 917 quartam,
557 847 717 898 minus
749 846 979 897 undecim
1005 846 1200 897 minutis
1226 846 1388 903 horae,
1419 845 1704 911 provenient
1730 856 1919 912 septem

79 933 189 985 anni
216 932 424 995 363'dies
450 931 610 983 minus
637 931 829 982 duabus
855 930 984 982 horis
1015 931 1141 982 fere:
1182 949 1334 997 quare
1372 949 1461 996 pro
1499 938 1607 979 octo
1644 928 1779 979 annis
1818 948 1920 995 per-

79 1017 212 1069 fectis
250 1027 429 1082 restant
466 1016 566 1066 duo
603 1015 707 1066 dies
746 1026 792 1066 et
835 1014 934 1066 fere
972 1019 999 1064 8
1036 1014 1214 1065 horae:
1259 1013 1306 1063 in
1351 1013 1529 1080 quibus
1573 1023 1920 1078 argumentum

80 1100 290 1152 Veneris
320 1119 408 1166 per
445 1119 601 1150 unum
637 1099 850 1165 gradum
887 1104 939 1149 28
977 1098 1163 1148 minuta
1199 1096 1383 1164 gradus
1420 1107 1658 1147 movetur.
1699 1095 1846 1147 Unde
1884 1095 1920 1145 si

80 1185 129 1235 in
166 1183 399 1251 principio
437 1182 636 1234 alicuius
674 1182 983 1233 revolutionis
1022 1182 1092 1233 sol
1128 1180 1343 1233 fueritin
1370 1180 1527 1247 primo
1555 1190 1737 1247 puncto
1763 1179 1922 1230 arietis

81 1269 272 1319 iunctus
315 1267 479 1319 veneri
529 1267 579 1317 in
621 1286 750 1333 auge
795 1267 867 1317 sui
914 1266 1113 1333 epicycli
1158 1264 1407 1316 existenti:
1445 1274 1554 1331 post
1591 1274 1701 1315 octo
1739 1283 1920 1314 annos:

81 1353 174 1403 ho‘c
213 1362 284 1403 est
320 1352 368 1402 in
406 1350 641 1417 principio
686 1351 931 1402 secundae
975 1350 1286 1402 revolutionis
1336 1349 1406 1400 sol
1455 1349 1542 1400 erit
1590 1348 1638 1398 in
1691 1347 1923 1414 principio

83 1436 241 1487 arietis
277 1435 401 1486 fere:
441 1434 656 1501 exceptis
689 1452 710 1495 3
744 1433 939 1484 minutis
972 1452 1019 1495 32
1049 1434 1275 1486 secundis
1312 1433 1523 1500 gradus:
1562 1443 1608 1484 et
1645 1451 1799 1483 venus
1839 1431 1925 1481 erit

83 1520 132 1571 in
169 1522 267 1570 uno
304 1519 462 1587 gradu
501 1529 548 1570 et
585 1524 638 1569 28
676 1518 871 1568 minutis
898 1518 1022 1569 ultra
1047 1537 1230 1585 augem
1257 1516 1459 1584 epicycli
1486 1516 1558 1566 sui
1585 1535 1753 1567 versus
1779 1514 1925 1565 orien-

84 1614 185 1655 tem
224 1614 270 1654 et
308 1603 501 1654 distabit
537 1624 566 1654 a
602 1602 701 1654 sole
738 1612 929 1653 tantum
962 1612 1201 1670 quantum
1229 1611 1301 1652 est
1329 1600 1521 1667 equatio
1548 1599 1822 1666 argumenti
1850 1598 1926 1648 de-

84 1687 183 1738 bita
220 1688 302 1738 uni
339 1687 513 1754 gradui
552 1698 598 1738 et
639 1691 697 1737 28
734 1686 946 1744 minutis,
976 1705 1104 1752 quae
1143 1695 1213 1737 est
1250 1684 1349 1736 fere
1388 1688 1440 1746 36
1479 1684 1647 1734 minut.
1687 1683 1927 1749 gradus„

189 1771 490 1838 Prophacius
514 1782 678 1824 tamen
716 1781 967 1838 computat
993 1771 1129 1837 quod
1156 1769 1332 1820 Venus
1369 1767 1612 1835 compleat
1649 1777 1756 1818 octo
1795 1765 1929 1816 annis

86 1856 304 1923 quinque
330 1856 659 1907 revolutiones
687 1854 886 1923 epicycli
916 1865 963 1906 et
991 1873 1055 1919 90
1082 1853 1294 1904 minuta:
1321 1863 1368 1904 et
1394 1851 1618 1919 aequatio
1655 1849 1929 1917 argumenti

86 1939 263 1991 horum
299 1958 363 2004 90
400 1939 515 1990 min.
555 1939 612 1990 sit
650 1957 695 2001 37
733 1939 903 1990 minut.
945 1937 1063 2004 Quo
1102 1937 1155 1988 fit
1192 1948 1246 1987 ut
1283 1947 1392 2003 post
1429 1935 1637 2002 primam
1682 1933 1931 1985 revolutio-

87 2044 202 2075 nem
222 2023 451 2097 addenda
476 2024 568 2074 sint
594 2024 695 2075 duo
721 2023 839 2081 dies,
869 2024 1045 2075 decem
1070 2021 1220 2072 horae
1248 2031 1294 2071 et
1321 2038 1367 2081 23
1395 2019 1579 2070 minuta
1603 2017 1716 2075 fere,
1750 2017 1932 2084 quibus

88 2106 251 2159 deficit
276 2117 473 2173 tempus
500 2107 718 2174 quinque
745 2106 1104 2159 revolutionum
1130 2104 1330 2172 epicycli
1358 2104 1546 2160 veneris
1572 2103 1633 2153 ab
1662 2112 1770 2153 octo
1797 2101 1933 2151 annis

89 2191 300 2257 integris,
342 2190 616 2241 secundum
652 2190 997 2258 Prophacium.

194 2275 245 2326 Si
283 2280 521 2343 quaerere
559 2276 786 2327 volumus
833 2274 996 2326 locum
1042 2273 1254 2326 Veneris
1292 2273 1341 2324 in
1378 2292 1504 2324 anno
1542 2289 1666 2332 1300,
1707 2269 1791 2337 qui
1837 2288 1935 2319 non

90 2359 329 2426 reperitur
365 2360 414 2409 in
452 2359 642 2417 tabulis
684 2369 877 2426 oportet
914 2359 962 2408 in
999 2377 1127 2409 anno
1165 2363 1212 2408 8ο
1251 2355 1560 2408 revolutionis
1599 2355 1759 2406 locum
1807 2373 1936 2405 eum-

92 2444 208 2495 dem
244 2463 462 2495 sumere:
502 2443 666 2510 itaque
703 2443 903 2510 regulae
948 2441 1205 2508 Prophacii
1244 2439 1559 2492 invertendae
1607 2449 1730 2489 sunt.
1780 2436 1937 2487 Forsi-

93 2539 174 2579 tan
212 2527 497 2593 Alighierus
535 2538 582 2579 et
619 2527 907 2594 coaequales
927 2526 1049 2578 haec
1085 2545 1184 2577 non
1221 2523 1682 2575 animadverterunt.
1732 2520 1935 2577 Scilicet,

94 2623 147 2662 ut
184 2622 317 2678 patet
355 2632 415 2663 ex
453 2611 642 2669 tabulis,
672 2610 965 2678 computatis
989 2609 1225 2676 gradibus
1264 2618 1311 2658 et
1347 2606 1543 2658 minutis
1580 2605 1668 2657 loci
1706 2604 1806 2656 veri
1844 2604 1939 2654 Ve-

96 2695 222 2746 neris
258 2695 305 2745 in
341 2714 440 2746 uno
468 2714 666 2763 quoque
693 2694 774 2745 die
800 2693 963 2745 marcii
999 2704 1045 2744 et
1073 2691 1234 2759 aprilis
1271 2691 1381 2742 anni
1415 2696 1442 2741 8
1471 2688 1782 2741 revolutionis
1808 2687 1941 2754 prius

98 2778 461 2829 retrocessimus
511 2778 901 2845 computationes
948 2777 1144 2827 duobus
1192 2775 1366 2826 diebus
1413 2794 1528 2826 cum
1575 2772 1774 2823 dimidio
1830 2770 1938 2821 diei.

98 2862 410 2929 Sumpsimus
448 2862 578 2914 enim
615 2862 873 2914 dimidium
910 2861 1004 2913 diei
1043 2880 1132 2927 pro
1169 2860 1346 2912 decem
1389 2857 1519 2910 horis
1558 2868 1605 2909 et
1643 2875 1690 2918 23
1729 2854 1939 2906 minutis.

99 2945 298 2997 Deinde
337 2966 493 3014 quum
530 2946 578 2996 in
616 2946 713 2997 istis
750 2945 1003 2998 mensibus
1030 2965 1226 3013 semper
1252 2944 1310 2995 sit
1336 2963 1508 2995 cursus
1547 2941 1755 2993 Veneris
1794 2938 1945 2990 maior

875 3121 921 3156 »γ
956 3110 1092 3152 XXIII
1126 3119 1172 3154 ὦ
