2352 3473
94 267 245 315 quam
275 265 452 313 operae
479 245 691 312 pretium
717 255 948 312 putamus
974 246 1022 296 in
1049 244 1270 295 medium
1296 243 1509 310 proferre
1538 264 1597 295 ex
1624 242 1791 309 gallica
1827 263 1929 294 ver-

94 331 226 382 sione
263 329 496 380 Hernesti
534 328 767 380 Renan.¹⁰

200 413 404 464 “Valde
442 412 589 462 miror
625 413 714 463 abs
751 423 798 463 te
833 433 890 463 ea
914 411 1074 462 studia
1100 410 1345 477 prohiberi
1371 410 1548 477 quibus
1574 411 1796 462 doctores
1823 409 1933 460 Tal-

95 499 229 550 mudi
267 517 417 565 opera
455 497 747 548 effinxerunt
786 507 832 549 et
870 496 1189 548 excuderunt.
1229 495 1279 546 Si
1307 495 1429 546 haec
1455 495 1613 545 studia
1640 505 1830 545 tantum
1855 494 1933 544 de-

93 582 375 633 trimentum
399 581 526 647 Legi
553 581 761 632 afferunt
789 587 873 648 qui
898 579 952 629 fit
977 590 1030 629 ut
1057 580 1220 646 potius
1246 579 1429 629 homini
1456 578 1764 645 septuaginta
1783 597 1934 628 annos

94 676 206 717 nato
243 668 392 733 quain
430 665 652 715 nondum
689 662 984 731 vigesimum
1022 663 1248 731 quintum
1285 662 1449 729 agenti
1487 662 1809 713 conveniant?
1851 660 1934 710 De

94 748 412 800 Maimonidis
452 746 700 797 Merkaba
731 747 940 811 (Currus
966 747 1082 809 Dei)
1121 766 1249 814 quae
1288 767 1349 798 ex
1385 746 1628 813 scriptoris
1666 745 1819 811 ipsius
1856 763 1935 811 ge-

94 833 250 884 nuinis
288 832 449 883 verbis
487 832 795 899 explananda
832 831 915 882 tibi
948 831 1153 888 videtur,
1184 830 1356 897 obijcio
1384 830 1651 898 quamlibet
1688 828 1935 880 coniectio-

95 937 210 968 nem
236 936 447 984 aequam
475 935 578 966 esse
602 937 610 973 ;
651 935 827 966 arcana
853 915 999 971 enim,
1029 915 1152 966 dum
1180 914 1399 971 vivimus,
1430 913 1610 965 nemini
1637 912 1932 980 aperiuntur.

94 999 387 1067 Priusquam
425 999 648 1066 culpares
684 999 907 1051 homines
947 1019 1070 1066 quos
1108 998 1193 1049 tibi
1230 998 1384 1065 Legis
1423 1017 1672 1049 eversores
1707 996 1782 1047 alii
1810 996 1936 1047 effin-

88 1094 280 1141 ,xerant,
323 1083 559 1151 exquisito
598 1103 724 1151 opus
762 1093 895 1141 erat;
942 1102 1068 1133 unus
1107 1082 1239 1134 enim
1275 1081 1419 1139 165115,
1458 1081 1681 1149 quamvis
1719 1079 1937 1130 eruditus

94 1187 193 1218 non
231 1167 460 1234 suppetit.
501 1166 618 1219 Rex
646 1187 856 1234 magnus
885 1166 1195 1233 [=insipiens‚
1226 1165 1307 1217 cfr.
1338 1163 1690 1221 Ecclesz'clstes,
1719 1163 1806 1220 IV,
1836 1163 1935 1227 13³¹]

96 1271 247 1319 quem
284 1251 347 1302 de
385 1251 501 1302 solio
540 1250 748 1317 dejicere
786 1250 1000 1308 volebas
1024 1249 1190 1316 magni
1228 1250 1363 1317 apud
1400 1269 1572 1316 regern
1602 1248 1935 1312 [scientiarum‚

95 1334 471 1399 Maimonidem]
524 1346 638 1392 erat,
692 1346 855 1402 atque,
902 1355 983 1386 me
1035 1340 1237 1401 puero,12
1284 1333 1483 1385 memini
1533 1332 1713 1383 Lunati
1761 1330 1939 1381 librum

97 1420 251 1476 eius‚¹³
280 1419 466 1470 statutis
491 1419 603 1469 anni
641 1418 960 1485 temporibus,
1001 1417 1111 1485 legi.
1154 1418 1430 1469 Accusator
1467 1426 1631 1467 noster
1662 1414 1939 1466 meminisse

98 1502 268 1554 debuit
304 1512 493 1553 nostros
530 1502 844 1569 propinquos,
877 1501 1122 1552 eruditum
1155 1497 1499 1557 Meschussam,
1530 1519 1679 1550 avum
1703 1509 1937 1555 nostrum,

99 1585 301 1653 eiusque
339 1585 461 1636 filios
498 1596 645 1653 atque
671 1605 893 1652 generos,
924 1585 1097 1637 florem
1124 1585 1406 1636 delebatum
1433 1583 1626 1640 civium,
1654 1581 1941 1633 familiariter

98 1690 189 1721 avo
216 1690 327 1721 meo
357 1666 616 1733 [Samuele]
652 1689 841 1736 suoque
879 1680 1016 1736 patre
1032 1675 1062 1700 ¹4
1100 1689 1214 1720 usos
1250 1669 1407 1720 fuisse.
1448 1667 1649 1736 Eorum·
1678 1665 1937 1733 postulatu,

99 1754 160 1811 hi,
202 1773 326 1821 quos
364 1773 513 1820 supra
551 1754 832 1811 memoravi,
873 1753 1280 1820 philosophorum
1313 1751 1561 1804 volumina
1586 1749 1864 1801 nominibus
1893 1749 1942 1799 in

98 1839 332 1890 librorum
368 1837 510 1888 initiis
547 1837 793 1904 appositiS,
835 1838 1060 1888 translata
1099 1837 1310 1889 edidere.
1350 1834 1608 1903 Ergoyviri
1658 1833 1941 1885 auctoritate

97 1942 273 1990 graves
309 1923 358 1973 in
394 1921 555 1973 studio
593 1921 904 1973 scientiarum
940 1922 1132 1973 assidue
1170 1922 1519 1978 versabuntur;
1559 1919 1634 1970 alii
1667 1928 1833 1970 autem
1862 1937 1942 1969 eas

99 2006 457 2074 prohibebunt?
477 2006 737 2057 Praeterea
756 2005 1088 2057 Maimonides
1107 2025 1465 2073 saepenumero
1486 2003 1784 2057 Samuelem,
1807 2000 1944 2052 cuius

99 2084 246 2142 libros
296 2085 548 2142 translatos
596 2110 872 2158 numquam
913 2091 1111 2147 laudare
1157 2090 1374 2147 cessavit,
1419 2087 1630 2156 epistolis
1672 2085 1940 2137 honoravit.

101 2174 409 2226 Graecorum
447 2175 552 2226 libri
590 2174 818 2227 haereses
856 2175 1059 2243 quidem
1097 2174 1358 2231 continent,
1398 2183 1446 2224 at
1482 2193 1570 2223 nos
1609 2170 1852 2238 optimum
1879 2189 1946 2220 se-

101 2257 356 2330 crevimus.
391 2257 598 2310 Constat
625 2279 705 2310 me
732 2259 854 2310 inter
881 2259 1078 2325 Legem
1106 2268 1153 2309 et
1179 2276 1379 2324 graecas
1406 2255 1660 2323 opiniones
1684 2253 1945 2305 discrimen

100 2342 271 2400 facere,
312 2343 447 2410 quod
486 2342 538 2400 si,
580 2343 856 2394 discrimine
894 2353 1095 2397 remoto,
1135 2341 1349 2408 aliquem
1386 2341 1549 2391 locum
1587 2339 1650 2389 ad
1687 2357 1847 2389 sacros
1874 2356 1945 2388 co-

101 2426 233 2478 dices
253 2427 578 2493 pertinentem
604 2427 754 2478 libere
780 2426 1124 2494 interpetratus
1145 2446 1269 2483 sum,
1293 2423 1534 2490 majorum
1553 2421 1757 2489 vestigia
1777 2420 1943 2488 pressi.

214 2541 235 2559 ¹⁰
260 2541 355 2571 Hist.
380 2541 457 2579 litt„
481 2540 633 2578 XXVII,
659 2541 794 2575 072-73.

212 2593 234 2610 ¹¹
259 2591 323 2622 Hic
350 2591 500 2633 loquitur
526 2592 569 2623 de
594 2590 755 2623 Samuele
780 2590 913 2632 Jeouda
938 2591 1008 2622 filio
1032 2590 1090 2622 ibn
1115 2590 1255 2622 Tibbon
1273 2591 1293 2629 †
1316 2591 1408 2621 1232.
1434 2588 1505 2620 Cfr.
1531 2588 1856 2624 STEmsanEIDER,
1883 2585 1946 2616 Ca-

103 2641 162 2673 ἰαί.
186 2642 383 2680 Bodleian„
408 2643 473 2674 col.
499 2643 581 2674 2481
610 2653 685 2685 sgg.
710 2648 744 2673 et
768 2642 863 2675 llz'st.
889 2642 964 2680 litt„
989 2640 1141 2679 XXVII,
1167 2641 1229 2676 573
1254 2651 1331 2683 sqq.

213 2693 237 2712 ¹²
262 2694 312 2725 Ita
337 2693 383 2725 ad
408 2693 510 2725 fidem
535 2693 693 2725 editionis
718 2699 753 2725 et
776 2704 855 2725 mss.
881 2693 1039 2725 codicum
1071 2691 1298 2723 Taurinensis
1323 2697 1356 2722 et
1389 2690 1621 2725 Oxoniensi53
1654 2689 1714 2720 sed
1748 2688 1844 2718 iuxta
1870 2697 1947 2717 mss.

104 2744 261 2775 codicem
285 2744 508 2775 Parmensem
532 2750 565 2775 et
589 2745 748 2776 codicem
773 2745 1017 2776 Halberstam:
1049 2746 1063 2760 ‘⁵
1078 2754 1131 2774 me
1157 2748 1393 2774 commorante
1408 2765 1436 2780 „.

215 2795 239 2814 ¹³
263 2794 496 2827 Probabiliter
528 2796 625 2826 iuxta
657 2796 841 2827 lectionem
873 2794 1070 2826 Parmensis
1103 2793 1330 2825 Taurinensis
1362 2799 1396 2825 et
1428 2792 1650 2823 Halberstam
1682 2801 1761 2822 mss.
1787 2790 1945 2821 codicum

113 2845 293 2887 Yiqqavzm
311 2846 532 2888 ltam-mayim
556 2846 629 2877 scil.
654 2845 844 2887 disputatio
867 2846 899 2876 in
922 2847 1016 2883 Gen„
1033 2846 1059 2883 I,
1078 2846 1108 2876 9.
1134 2843 1181 2876 At
1206 2845 1310 2876 editio
1335 2850 1368 2875 et
1392 2854 1470 2875 mss.
1496 2843 1611 2874 codex
1635 2841 1841 2873 Oxoniensis
1866 2839 1949 2881 legit

112 2896 245 2928 “libros
269 2897 341 2928 eius
355 2921 384 2936 „.
587 2892 594 2896 ‘

217 2948 239 2967 ¹¹
264 2948 355 2990 Juda
379 2948 439 2979 ibn
463 2948 611 2986 Tibbon,
630 2949 687 2990 qui
704 2948 900 2989 postulante
917 2947 1148 2980 Meschullam
1165 2947 1231 2979 ben
1248 2947 1357 2988 Jacob
1374 2945 1572 2982 Lunatensi‚
1588 2944 1688 2975 vertit
1705 2954 1791 2983 opus
1808 2942 1948 2984 Beliaye

107 2999 174 3030 ben
198 2998 325 3040 Joseph
353 3001 367 3016 “
382 2999 426 3030 de
450 2999 639 3031 animorum
664 2999 781 3031 officiis
796 3023 810 3037 „
838 2999 1054 3040 inscriptum.
1551 2997 1553 2999 ’

913 3108 959 3142 22⁸*
993 3098 1063 3138 VII
1100 3107 1143 3140 ὠ
