2352 3473
556 285 728 350 Super
760 287 983 337 tabulam
1021 289 1318 339 latitudinis
1351 289 1516 343 Lmze.

117 409 415 488 Argumentum
441 407 485 438 ad
509 406 710 438 intrandum
734 408 766 438 in
790 408 892 439 istam
918 409 1072 440 tabulam
1097 415 1148 440 est
1172 420 1332 440 numerus
1358 411 1416 452 qui
1441 411 1586 442 resultat
1611 421 1652 443 ex
1678 412 1878 444 addictione
1898 414 1969 444 veri

219 458 286 489 loci
309 458 389 490 lune
415 465 448 490 et
470 464 581 490 motus
604 460 738 501 equalis
762 460 886 501 capitis
919 461 1089 493 draconis.

489 607 658 672 Super
692 608 916 658 tabulam
967 628 1152 659 cursus
1189 609 1341 660 [λίπε
1374 620 1420 660 et
1452 611 1592 661 Solis

289 696 344 744 in
375 714 478 745 una
506 696 632 745 lwm
661 695 849 745 scilicet
876 704 1031 760 super
1056 715 1210 746 cursu
1241 696 1392 748 Lmze
1422 700 1475 747 2'72
1508 719 1612 749 ema
1639 700 1783 752 hom.

115 769 218 847 Ad
241 816 342 847 istam
367 817 522 848 tabulam
547 818 695 848 intratur
719 827 797 848 cum
822 824 1029 861 argumento
1058 818 1137 849 lune
1171 825 1308 860 equato.

430 964 599 1030 Super
631 965 854 1014 tabulam
880 984 1061 1015 camus
1090 964 1235 1016 Solis
1262 968 1316 1016 in
1352 986 1454 1017 mm
1492 968 1639 1020 laem.

193 1085 216 1116 d
239 1086 338 1116 istam
363 1085 519 1116 tabulam
543 1086 688 1117 intratur
711 1097 790 1117 cum
815 1096 897 1117 vero
930 1087 1008 1118 loco
1039 1087 1131 1118 solis.

213 1138 282 1169 Ista
306 1144 358 1169 est
381 1144 454 1169 tota
478 1149 546 1169 una
578 1138 701 1170 tabula
726 1144 759 1170 et
782 1139 929 1170 intratur
961 1139 1007 1170 ad
1031 1150 1107 1170 eam
1132 1150 1210 1171 cum
1243 1140 1441 1171 differentia
1460 1141 1655 1173 velocitatis
1679 1152 1799 1173 cursus
1822 1143 1904 1174 solis
1929 1149 1962 1174 et

108 1191 188 1221 lune
211 1190 246 1220 in
269 1201 337 1222 una
361 1190 447 1222 hora
472 1197 506 1222 et
530 1191 635 1222 debet
659 1191 757 1233 queri
779 1191 811 1222 in
837 1202 878 1222 ea
900 1202 1064 1222 numerus
1087 1192 1205 1223 similis
1231 1203 1372 1224 numero
1397 1193 1596 1225 differentie
1629 1195 1701 1226 veri
1725 1194 1790 1226 loci
1815 1195 1896 1226 solis
1929 1201 1962 1226 et

108 1243 199 1281 lune,
223 1243 318 1284 quod
342 1243 370 1274 si
395 1253 463 1274 non
487 1244 685 1275 inueniatur
709 1254 870 1275 numerus
895 1243 1090 1275 differentia
1123 1245 1280 1285 predicte
1313 1245 1393 1276 solis
1427 1252 1594 1287 queratur
1625 1247 1659 1277 in
1682 1257 1724 1278 ea
1748 1258 1908 1278 numerus
1932 1248 1961 1278 ei

107 1295 346 1337 propinquior,
361 1295 472 1327 minor
497 1302 612 1328 tamen
638 1307 689 1328 eo.

107 1475 208 1511 Nola
236 1477 488 1524 infrascripta
515 1477 693 1512 notabilia
722 1479 885 1511 extracta
912 1477 955 1511 de
983 1477 1090 1512 dictis
1118 1479 1152 1511 et
1178 1478 1370 1522 rescriptis
1397 1481 1483 1513 ante
1510 1482 1545 1512 et
1561 1479 1734 1523 superius
1754 1480 1962 1514 memoratis

212 1537 440 1571 dominorzmz
468 1536 615 1571 Andalo
644 1539 678 1570 et
707 1536 750 1571 G.
782 1537 968 1582 Episcopi
993 1537 1169 1572 Insulani
1195 1538 1284 1572 satis
1312 1539 1517 1572 necessaria
1545 1541 1580 1572 et
1595 1541 1776 1584 oportuna
1794 1539 1961 1574 addenda

210 1600 245 1632 et
270 1598 468 1633 minuenda
495 1598 535 1632 in
563 1599 813 1644 equationibus
835 1599 1076 1642 planetarum
1112 1599 1166 1633 ad
1196 1599 1397 1633 habendum
1420 1600 1596 1644 planetas
1622 1612 1705 1634 vere
1731 1602 1876 1646 equulos
1912 1601 1967 1635 ad

208 1671 334 1694 verum
362 1660 481 1694 locum
510 1661 655 1704 equulos
682 1660 742 1694 lzic
769 1660 808 1693 in
837 1661 957 1694 nostro
985 1660 1053 1694 sito
1082 1660 1326 1706 neapolitano.

133 1774 155 1794 n
177 1763 295 1804 primis
320 1762 452 1793 addere
476 1762 653 1798 debemus,
682 1760 830 1792 Saturno
856 1761 889 1793 in
915 1761 1075 1803 qualibet
1098 1772 1161 1792 sua
1191 1762 1407 1794 reuolutione
1431 1763 1599 1804 sequenti,
1631 1763 1807 1804 completa
1839 1764 1961 1804 prima,

104 1767 127 1846 l
153 1815 285 1856 scripta
308 1815 343 1845 in
368 1815 555 1845 almanach
579 1813 772 1856 Prophatij,
791 1824 857 1855 que
883 1814 989 1845 currit
1012 1814 1058 1845 ad
1082 1824 1191 1845 annos
1210 1814 1261 1851 59,
1279 1824 1331 1856 gr.
1363 1816 1373 1845 l
1402 1826 1445 1845 m.
1467 1816 1519 1846 30.

191 1867 299 1898 Marti
322 1877 406 1899 uero
430 1877 492 1908 pro
517 1866 675 1909 qualibet
698 1877 759 1898 sua
783 1867 1003 1898 reuolutione
1027 1866 1188 1908 sequenti
1220 1867 1393 1908 completa
1425 1868 1535 1908 prima
1560 1868 1690 1909 scripta
1714 1869 1745 1900 in
1772 1869 1958 1900 almanach

103 1931 172 1963 que
196 1920 304 1952 currit
329 1920 374 1951 ad
399 1930 510 1950 annos
536 1919 575 1953 79
599 1930 653 1961 gr.
684 1922 695 1950 l
724 1930 767 1950 m.
793 1920 834 1950 40
859 1919 1028 1951 debemus
1053 1919 1197 1950 addere.

191 1972 266 2004 Ioui
290 1978 406 2004 autem
432 1972 607 2013 completa
631 1972 743 2013 prima
768 1972 984 2003 reuolutione
1008 1972 1141 2012 scripta
1164 1972 1197 2002 in
1223 1972 1405 2003 almanach
1430 1973 1597 2004 debemus
1621 1974 1774 2005 minuere
1790 1986 1853 2016 pro
1871 1986 1955 2017 qua-

102 2025 188 2057 libet
211 2025 281 2056 alia
305 2024 527 2056 reuolucione
552 2024 715 2055 existenti
741 2025 787 2055 ad
812 2034 920 2055 annos
946 2025 986 2055 83
1010 2035 1053 2055 m.
1079 2025 1131 2055 30.

190 2077 352 2119 Intellige
378 2066 509 2108 dictam
533 2076 746 2108 additionem
770 2082 804 2108 et
829 2076 1054 2108 minutionem
1079 2077 1160 2107 dum
1185 2083 1297 2108 motus
1324 2077 1357 2108 8⁶²
1381 2088 1483 2118 spere
1508 2083 1559 2109 est
1584 2078 1617 2108 in
1642 2086 1838 2122 augmento,
1863 2082 1956 2122 quod

102 2130 210 2162 currit
233 2140 344 2171 usque
369 2129 414 2160 ad
439 2139 548 2160 annos
577 2130 671 2160 1690.
694 2129 783 2160 Cum
807 2134 922 2160 autem
948 2129 1053 2160 fuerit
1076 2128 1110 2159 in
1135 2128 1359 2161 decremento
1386 2130 1550 2161 debemus
1568 2140 1630 2171 pro
1655 2132 1811 2172 qualibet
1827 2143 1889 2163 sua
1905 2143 1958 2164 re·-

100 2183 278 2215 uolutione
303 2181 452 2214 addere:
471 2181 640 2213 videlieet
674 2180 825 2212 Saturno
861 2192 903 2212 m.
936 2183 978 2212 30
1003 2187 1037 2212 et
1061 2180 1168 2212 Marti
1193 2192 1236 2212 m.
1262 2183 1300 2217 ὃς
1334 2188 1367 2212 et
1393 2188 1474 2213 tunc
1500 2183 1573 2214 Ioui
1598 2189 1738 2224 oportet
1762 2185 1867 2215 minui
1893 2196 1957 2226 pro

102 2234 260 2277 quolibet
284 2244 347 2265 sua
371 2233 595 2265 reuolucione
619 2244 671 2276 gr·
702 2237 713 2265 l
742 2245 785 2265 m.
811 2235 862 2266 30.

190 2288 279 2319 Item
295 2286 471 2327 completa
489 2286 600 2328 prima
617 2287 835 2318 reuolutione
860 2297 1029 2317 annorum
1054 2286 1282 2318 collectorum
1308 2287 1371 2318 sub
1396 2288 1516 2319 radice
1533 2287 1631 2319 Lune
1649 2288 1694 2319 ad
1711 2288 1862 2320 medium
1888 2299 1958 2321 mo-

101 2344 173 2369 tum
195 2337 303 2379 ipsius
327 2336 498 2368 currentis
522 2336 569 2367 ad
593 2347 721 2367 annum
749 2336 788 2370 76
813 2346 877 2377 pro
902 2336 1059 2378 qualibet
1084 2336 1154 2367 alia
1179 2337 1339 2379 sequenti
1371 2337 1595 2369 reuolucione
1628 2338 1760 2370 addere
1792 2339 1957 2370 debemus

101 2390 234 2422 eisdem
258 2389 358 2420 annis
383 2389 548 2420 correctis
566 2389 665 2420 Lune
682 2389 898 2430 reperiendis
922 2399 973 2431 gr.
1000 2391 1030 2426 3,
1055 2400 1098 2421 m.
1123 2390 1178 2427 00,
1203 2399 1275 2421 sec.
1301 2390 1354 2426 00,
1380 2396 1444 2421 ter.
1462 2391 1515 2421 00.

189 2442 310 2474 Donec
336 2443 367 2473 8³
391 2451 495 2483 spera
511 2442 617 2473 fuerit
634 2442 668 2472 in
684 2448 906 2484 augumento,
923 2448 960 2472 ut
978 2452 1096 2482 supra,
1114 2442 1177 2473 sed
1203 2453 1281 2473 cum
1299 2442 1401 2474 fuerit
1425 2443 1458 2473 in
1478 2444 1700 2474 decremento
1719 2450 1800 2474 tunc
1818 2450 1956 2484 oportet

101 2495 184 2528 addi
207 2494 318 2526 solum
343 2505 395 2537 gr.
424 2495 450 2524 l.

148 2561 151 2563 ·
190 2547 410 2589 Argumento
436 2547 528 2583 lune,
553 2547 728 2587 completa
753 2547 969 2578 reuolutione
993 2546 1126 2586 scripta
1150 2546 1183 2576 in
1207 2547 1403 2583 almanach‚
1430 2558 1496 2588 que
1513 2548 1620 2578 currit
1638 2548 1683 2577 ad
1701 2557 1808 2577 annos
1827 2546 1953 2578 arabos

102 2599 142 2632 24
168 2606 202 2631 et
226 2609 362 2631 menses
388 2600 417 2630 ὁ.
443 2599 482 2629 In
506 2599 667 2640 sequenti
691 2609 777 2631 vero
801 2599 959 2640 qualibet
983 2599 1051 2630 alia
1075 2599 1295 2630 reuolutione
1321 2599 1453 2631 addere
1479 2600 1646 2631 debemus
1669 2599 1816 2641 gradum
1840 2609 1954 2629 unum.

99 2652 139 2684 In
162 2651 430 2693 precedentibus
454 2660 538 2681 vero
563 2651 837 2682 revolutionibus
862 2656 1000 2692 oportet
1025 2650 1128 2680 minui
1152 2651 1187 2681 id
1212 2651 1304 2691 quod
1329 2651 1362 2680 in
1386 2651 1614 2692 sequentibus
1646 2651 1832 2681 mandatur
1855 2650 1950 2681 addi·

188 2703 312 2735 Addas
337 2708 542 2745 argumento
566 2703 646 2734 lune
671 2713 714 2733 tn.
740 2704 792 2739 20,
818 2708 852 2733 et
876 2702 990 2734 minue
1014 2702 1058 2733 ab
1083 2703 1159 2743 ipso
1192 2708 1401 2744 argumento
1433 2703 1480 2733 ad
1508 2703 1707 2734 habendum
1740 2702 1841 2733 situm
1874 2712 1951 2732 nea—

99 2756 292 2798 politanum
317 2767 360 2786 m.
385 2757 438 2793 23,
463 2765 532 2786 sec.
557 2755 611 2792 27,
636 2761 699 2786 ter.
723 2756 776 2785 20.

186 2807 245 2839 Sic
270 2813 382 2839 restat
406 2813 441 2839 et
466 2807 632 2838 debemus
665 2807 817 2838 minuere
842 2807 872 2838 ei
898 2807 941 2838 de
976 2813 1180 2850 argumento
1205 2818 1248 2837 m.
1273 2808 1292 2837 3
1318 2818 1344 2838 s.
1372 2807 1409 2840 57
1431 2813 1453 2838 t.
1472 2808 1524 2837 20.

189 2860 294 2892 Adde
306 2860 384 2891 loco
398 2859 478 2891 lune
493 2870 534 2891 m.
550 2859 603 2893 27.
629 2858 673 2890 Et
689 2869 753 2900 pro
770 2859 933 2890 distantia
951 2859 1257 2900 Montispessulani
1275 2859 1319 2890 ad
1336 2859 1535 2891 habendum
1553 2858 1662 2889 Situm
1682 2858 1949 2899 Neapolitanum

102 2913 214 2943 minue
239 2923 281 2943 m.
307 2913 348 2942 24
374 2922 445 2943 sec.
470 2912 501 2948 9,
526 2917 589 2942 ter.
616 2913 647 2941 4.

188 2963 246 2995 Sic
269 2969 402 2995 restant
425 2969 460 2996 et
484 2963 650 2994 debemus
674 2963 807 2994 addere
831 2963 909 2994 loco
934 2963 1011 2994 lune
1037 2974 1081 2994 m.
1106 2965 1136 3000 2,
1160 2974 1186 2994 s.
1213 2964 1264 3000 50,
1290 2969 1312 2993 t.
1338 2963 1389 2994 50.

916 3067 1139 3116 ⁸>÷127÷<⁸
