2352 3473
88 238 303 281 ingrediatur
327 237 418 268 diem
443 236 568 266 mensis
593 235 735 271 solaris;
759 234 898 266 inferior
921 244 1004 265 uero
1028 233 1179 265 ostendit
1203 239 1308 274 quota
1333 233 1387 263 die
1411 232 1537 263 mensis
1560 232 1682 263 solaris
1706 232 1761 261 uel
1793 232 1924 262 romani

86 295 284 339 ingreditur
307 295 463 325 lunarem
488 303 637 323 mensem
664 293 722 334 qui
746 292 980 324 subscribitur.
996 290 1038 334 Ε
1056 290 1162 327 Quod
1186 290 1213 320 si
1231 290 1264 320 in
1280 289 1500 321 inferioribus
1516 289 1670 320 inuenias
1687 289 1854 320 unitatem
1870 300 1924 320 su-

89 353 317 394 perscriptam
341 358 422 383 tunc
440 350 540 382 simul
557 350 726 391 incipiunt
751 349 874 380 mensis
898 348 1018 380 solaris
1035 354 1068 379 et
1086 347 1225 378 lunaris.
1251 345 1347 377 Ordo
1372 357 1519 388 namque
1545 346 1750 377 minutorum
1768 346 1800 376 in
1817 345 1925 387 prima

88 409 256 452 superiori
282 409 372 440 linea
396 408 585 450 positorum
609 408 641 438 in
665 406 821 438 omnibus
847 406 974 437 tabulis
1010 405 1204 448 argumenti
1228 404 1388 436 desinunt
1412 404 1524 444 primo
1548 404 1616 435 diei
1644 403 1768 434 mensis
1799 403 1926 433 lunaris

88 469 121 498 in
144 468 240 499 cuius
264 466 376 498 medio
401 472 452 497 est
481 466 485 506 Ι
517 464 704 506 opposicio,
728 464 761 495 in
786 464 852 495 fine
875 473 958 495 uero
983 462 1178 494 coniunctio
1195 462 1411 492 luminarium
1435 462 1492 493 uel
1517 461 1653 492 circiter
1678 467 1710 492 et
1734 460 1927 491 huiusmodi
1969 466 2012 484 «³72
2028 470 2049 483 τ’·

88 531 166 556 sunt
190 525 239 556 illi
273 524 329 556 ubi
357 523 522 555 uidelicet
553 522 586 553 in
615 521 750 552 minutis
774 519 1097 562 proporcionalibus
1131 519 1283 550 inuenies
1307 520 1336 550 Ο.
1361 517 1404 561 Ε
1427 518 1584 550 Inuenies
1619 519 1721 549 etiam
1752 518 1927 559 in-prima

89 582 179 613 linea
203 581 438 613 descendente
463 591 482 611 a
506 579 649 611 sinistris
674 579 886 621 quandoque
909 577 1077 618 scriptum
1103 577 1146 607 de
1171 576 1278 607 rubeo
1300 577 1326 606 l.
1354 576 1382 606 8.
1404 576 1452 607 19.
1471 577 1522 606 22.
1548 576 1588 606 29
1614 576 1659 606 ad
1675 561 1929 606 ostendendum

88 639 247 681 quotiens
270 638 358 670 feria
382 638 493 680 prima
517 637 550 667 in
575 636 648 678 ipso
680 646 796 667 mense
820 634 930 666 lunari
953 634 1135 665 inuenitur.
1173 632 1323 669 Quando
1348 638 1464 663 autem
1487 633 1621 674 operari
1652 632 1811 671 uolueris,
1842 632 1930 663 sicut

89 696 148 728 tibi
172 696 306 727 dicetur
329 696 363 726 in
398 694 589 727 canonibus
624 693 701 725 lune
738 692 897 729 maxime,
922 691 1036 723 scribe
1059 690 1234 733 sigillatim
1260 696 1443 731 extrabper
1466 700 1502 720 se
1527 690 1663 732 signum
1693 690 1838 732 gradum
1870 690 1931 720 mi-

88 760 208 785 nutum
232 753 422 785 secundum
447 758 480 783 et
505 751 567 783 sub
583 750 650 781 illis
675 750 743 781 alia
759 749 901 780 inuenta
918 748 1072 780 edirecto
1089 748 1308 789 superiorum
1332 757 1439 788 pones
1464 746 1563 788 signa
1580 746 1644 777 sub
1670 747 1786 788 signis,
1800 747 1931 789 gradus

88 811 152 843 sub
176 811 301 853 gradu,
325 810 487 841 addendo
512 809 645 852 signum
681 808 786 850 signis
811 813 844 839 et
869 807 964 849 quod
986 806 1131 837 resultat
1156 805 1352 842 scribendo,
1390 810 1423 835 et
1458 805 1616 846 quotiens
1639 805 1673 835 in
1696 805 1859 836 secundis
1891 805 1932 836 60

87 868 258 900 inueneris
276 873 326 899 tot
344 867 475 898 minuta
497 866 635 897 minutis
660 865 824 896 addendo
849 870 884 895 et
906 864 939 895 in
969 864 1105 894 minutis
1122 863 1278 905 quotiens
1296 864 1337 893 60
1354 862 1523 893 inueneris
1549 868 1600 893 tot
1622 862 1751 904 gradus
1768 862 1933 904 gradibus

89 926 296 964 adiiciendo,
313 925 357 957 de
375 926 416 956 30
433 930 546 955 autem
564 923 730 966 gradibus
748 922 912 965 quociens
931 931 972 953 ea
988 921 1157 952 inueneris
1176 926 1226 952 tot
1240 920 1337 963 signa
1362 919 1466 962 signis
1483 919 1646 951 addendo
1663 919 1758 960 qnod
1776 924 1933 960 superest

88 983 286 1021 scribendo,
310 982 467 1013 similiter
491 982 534 1013 de
563 982 600 1012 12
624 980 730 1024 signis
754 980 964 1021 completam
989 979 1245 1011 reuolucionem
1271 977 1403 1009 zodiaci
1427 979 1447 1008 O
1472 976 1664 1014 scribendo,
1689 976 1716 1007 si
1751 976 1932 1007 duodecim

90 1040 223 1082 precise
247 1040 420 1071 inueneris
444 1039 502 1070 uel
526 1038 619 1080 quod
643 1038 789 1079 amplius
814 1043 865 1069 est
889 1036 1085 1068 scribendo.
1121 1036 1158 1067 Si
1182 1046 1265 1067 uero
1290 1035 1515 1072 subtraxeris,
1531 1034 1558 1065 si
1582 1044 1649 1065 non
1673 1039 1771 1075 potes
1795 1034 1934 1064 inferio-

88 1109 160 1129 rem
184 1097 390 1129 subtrahere
407 1108 427 1128 a
451 1096 632 1138 superiori,
657 1095 778 1137 accipe
795 1106 815 1126 a
833 1094 1101 1136 precedentibus
1119 1093 1174 1125 vel
1193 1095 1233 1125 60
1251 1093 1308 1124 vel
1325 1093 1366 1123 30
1391 1092 1446 1123 vel
1468 1093 1504 1122 12
1522 1103 1541 1122 a
1559 1097 1630 1122 toto
1654 1090 1821 1122 subtrahe
1839 1091 1933 1133 quod

89 1156 150 1187 vis.
174 1154 217 1199 Ε
241 1154 335 1192 Quia
359 1154 463 1186 etiam
487 1154 597 1184 minor
621 1153 809 1195 proporcio
835 1152 959 1183 multos
977 1152 1124 1193 impedit
1147 1151 1181 1182 in
1205 1157 1280 1182 arte
1305 1149 1531 1181 calculatoria
1555 1147 1766 1184 tabularum,
1784 1148 1865 1179 licet
1888 1148 1933 1178 ad

89 1219 284 1255 presentem
300 1212 478 1244 scientiam
492 1221 560 1242 non
573 1210 747 1252 pertineat
771 1210 834 1242 sed
851 1210 896 1241 ad
914 1209 1145 1241 arismeticam
1162 1209 1340 1245 scentiam,
1358 1207 1402 1238 ad
1420 1206 1615 1237 faciliorem
1633 1211 1749 1236 tamen
1767 1211 1801 1236 et
1817 1205 1933 1237 melio-

89 1280 159 1302 rem
175 1271 413 1312 operationem
437 1268 635 1300 tabularum
660 1278 727 1309 que
752 1268 858 1298 etiam
883 1277 959 1298 eam
976 1266 1215 1308 presupponit‚
1233 1265 1410 1297 sciendum
1429 1263 1523 1305 quod
1548 1263 1577 1293 si
1595 1263 1628 1293 in
1645 1262 1772 1294 tabulis
1795 1263 1866 1294 istis
1884 1263 1931 1293 in-

89 1328 207 1360 venias
223 1337 384 1359 numeros
409 1327 576 1359 collectos
595 1336 657 1367 per
676 1327 693 1357 5
719 1325 775 1356 uel
796 1326 834 1356 10
852 1325 909 1356 uel
927 1327 957 1361 6,
982 1326 1071 1355 intra
1095 1324 1232 1356 tabulas
1250 1323 1377 1354 adhoc
1403 1322 1513 1353 factas
1537 1322 1570 1351 in
1595 1321 1660 1352 fine
1685 1327 1718 1352 et
1734 1321 1813 1352 uide
1831 1321 1931 1352 diffe-

88 1385 233 1417 rentiam
258 1396 324 1427 que
349 1390 401 1416 est
423 1384 512 1415 inter
535 1384 621 1415 duos
646 1393 806 1414 numeros
831 1382 999 1413 collectos
1023 1382 1185 1423 ponendo
1210 1392 1285 1412 eam
1310 1381 1344 1411 in
1368 1380 1460 1410 linea
1485 1378 1602 1409 minuti
1627 1384 1661 1408 et
1685 1378 1712 1409 si
1742 1378 1829 1409 illud
1854 1389 1930 1410 cum

89 1453 158 1485 quo
181 1443 289 1474 intras
313 1453 389 1473 eam
413 1441 540 1473 fuerint
575 1441 706 1484 gradus
741 1440 827 1471 illud
851 1439 946 1482 quod
970 1439 1080 1480 primo
1105 1439 1139 1470 in
1164 1439 1296 1470 directo
1321 1438 1392 1468 eius
1416 1436 1568 1473 inuenies
1604 1442 1703 1466 erunt
1734 1436 1866 1479 gradus
1897 1442 1931 1467 et

88 1500 176 1531 illud
201 1499 294 1542 quod
319 1499 472 1531 secundo
497 1499 650 1535 minuta;
674 1498 701 1528 si
737 1503 854 1529 autem
878 1497 914 1528 id
937 1507 1016 1529 cum
1041 1507 1109 1539 quo
1133 1497 1240 1527 intras
1265 1502 1344 1527 sunt
1369 1495 1509 1531 minuta,
1533 1494 1618 1525 illud
1643 1494 1737 1535 quod
1755 1494 1866 1535 primo
1897 1494 1929 1524 in

89 1558 222 1590 directo
246 1557 318 1589 eius
343 1556 493 1588 occurrit
516 1562 594 1588 sunt
618 1555 748 1586 minuta
773 1562 807 1586 et
842 1555 935 1597 quod
959 1555 1113 1586 secundo
1137 1554 1300 1586 secunda.
1335 1553 1371 1584 Si
1403 1557 1518 1583 autem
1554 1551 1587 1581 in
1624 1551 1823 1582 differentia
1853 1557 1931 1582 sunt

89 1615 221 1658 gradus
246 1621 280 1646 et
304 1614 444 1651 minuta,
467 1614 558 1645 intra
591 1613 702 1655 primo
727 1623 804 1644 cum
839 1612 1007 1655 gradibus
1030 1612 1156 1643 lineam
1180 1611 1298 1642 minuti
1330 1610 1533 1652 accipiendo
1557 1609 1591 1640 id
1616 1609 1710 1650 quod
1735 1615 1786 1639 est
1817 1609 1851 1639 in
1882 1609 1931 1640 di-

90 1673 186 1700 recto
209 1668 281 1699 eius
306 1673 339 1698 et
363 1667 478 1699 scribe
503 1666 600 1705 illud,
626 1666 751 1698 deinde
775 1667 866 1697 intra
890 1676 967 1697 cum
991 1665 1127 1696 minutis
1154 1664 1340 1696 scribendo
1364 1665 1450 1696 illud
1475 1667 1568 1707 quod
1592 1666 1625 1696 in
1650 1666 1782 1697 directo
1814 1676 1931 1697 eorum

90 1731 142 1757 est
166 1731 199 1757 et
222 1725 456 1766 subscriptum
480 1724 571 1756 adde
595 1724 699 1766 priori
723 1730 756 1754 et
780 1723 866 1754 illud
891 1723 985 1764 quod
1007 1723 1191 1764 proveniet
1215 1723 1278 1753 erit
1303 1732 1383 1763 pars
1415 1723 1689 1764 proporcionalis
1725 1724 1932 1766 quibuslibet

89 1783 302 1814 intermediis
325 1781 614 1824 correspondens.
637 1780 680 1824 Ε
704 1781 772 1812 Uel
796 1781 895 1812 aliter
926 1781 1005 1812 uide
1031 1781 1074 1812 de
1098 1791 1241 1811 numero
1265 1781 1473 1812 intermedio
1498 1788 1580 1822 quot
1612 1781 1798 1813 unitatibus
1830 1783 1933 1814 distet

89 1852 109 1872 a
133 1841 346 1883 precedente
371 1846 405 1872 et
429 1850 490 1881 per
515 1850 572 1871 eos
597 1839 789 1880 multiplica
814 1838 1051 1869 differentiam
1075 1844 1109 1869 et
1138 1838 1254 1870 diuide
1278 1849 1340 1879 per
1364 1838 1549 1870 collectum
1578 1845 1611 1870 et
1635 1840 1730 1881 quod
1753 1840 1933 1881 proueniet

90 1899 155 1931 erit
178 1909 260 1940 pars
283 1897 568 1940 proporcionalis.
1300 1927 1302 1929 ,

184 1956 312 1988 Vando
336 1966 399 1997 per
420 1955 512 1986 istud
537 1953 733 1986 Almanach
756 1954 844 1986 scire
868 1954 1018 1986 uolueris
1043 1955 1119 1986 loca
1141 1955 1244 1986 trium
1268 1955 1483 1996 superiorum
1507 1956 1738 1996 planetarum,
1770 1955 1934 1987 subtrahe

92 1958 242 2062 Qab
259 2014 356 2044 annis
381 2012 509 2045 Christi
531 2014 624 2050 1300,
641 2019 674 2043 et
699 2023 776 2044 cum
801 2012 941 2044 residuo
959 2012 1047 2043 intra
1064 2012 1200 2043 tabulas
1226 2023 1346 2044 eorum
1362 2019 1396 2044 et
1420 2013 1575 2044 inuenies
1591 2024 1694 2056 super
1710 2015 1811 2057 signa
1828 2016 1934 2056 scrip-

91 2079 163 2104 tum
186 2082 368 2103 numerum
394 2081 562 2102 annorum
589 2069 719 2102 Christi
744 2071 936 2101 secundum
959 2070 1213 2102 reuolutionem
1239 2081 1368 2102 eorum.
1394 2071 1431 2101 In
1457 2070 1607 2102 Saturno
1631 2072 1767 2114 quidem
1792 2073 1836 2104 ab
1867 2083 1934 2104 uno

90 2140 196 2172 usque
217 2131 221 2167 Ι
243 2129 289 2161 ad
307 2130 359 2166 59,
375 2129 409 2159 in
426 2129 506 2160 Ioue
523 2138 632 2172 usque
657 2128 702 2159 ad
722 2129 773 2165 83,
789 2127 824 2158 in
848 2126 964 2159 Marte
980 2139 1089 2170 usque
1113 2128 1159 2159 ad
1179 2128 1228 2162 79.
1252 2127 1296 2172 Ε
1312 2129 1470 2160 Inuenies
1487 2129 1588 2160 etiam
1605 2141 1624 2160 a
1642 2130 1785 2162 sinistris
1799 2141 1934 2162 menses

92 2198 169 2220 cum
193 2187 313 2219 diebus
336 2186 493 2219 collectis
517 2197 580 2228 per
610 2187 646 2217 lO
669 2185 725 2216 uel
746 2186 779 2216 ll
801 2185 835 2216 in
860 2185 925 2216 fine
950 2185 1116 2217 mensium
1141 2186 1197 2228 qui
1222 2192 1381 2218 constant
1404 2197 1446 2217 ex
1471 2187 1508 2217 31
1538 2187 1670 2218 diebus.
1696 2187 1830 2230 Accipe
1850 2199 1935 2230 ergo

91 2245 182 2277 diem
205 2245 330 2277 mensis
355 2255 455 2287 quem
480 2244 531 2276 uis
556 2250 588 2275 et
611 2244 700 2274 intra
725 2244 758 2274 in
784 2243 916 2274 directo
942 2243 1012 2274 eius
1036 2253 1144 2285 usque
1169 2244 1214 2275 ad
1239 2255 1415 2275 numerum
1440 2244 1519 2275 anni
1543 2245 1767 2286 suprascripti
1793 2252 1826 2278 et
1842 2246 1934 2288 quod

91 2303 138 2335 ibi
161 2303 333 2335 inueneris
358 2303 403 2334 de
427 2302 534 2345 signis
558 2301 725 2344 gradibus
750 2307 782 2332 et
805 2300 951 2338 minutis,
975 2301 1021 2333 ibi
1046 2302 1110 2333 erit
1134 2301 1276 2343 planeta
1300 2302 1334 2333 in
1357 2308 1429 2334 tota
1454 2302 1503 2333 sui
1528 2302 1636 2342 prima
1660 2303 1875 2335 reuolutione
1901 2304 1934 2334 in

92 2371 161 2403 qua
183 2361 268 2391 nihil
292 2365 427 2402 oportet
449 2359 553 2391 minui
570 2369 634 2390 nec
658 2358 750 2390 addi.
776 2357 819 2401 Ε
842 2349 1123 2401 Insequentibus
1148 2365 1262 2391 autern
1288 2359 1564 2391 reuolucionibus
1582 2360 1674 2391 adde
1698 2371 1761 2401 pro
1785 2361 1936 2403 qualibet

92 2416 305 2451 reuolutione
340 2415 480 2447 Saturni
508 2415 519 2446 l
547 2414 696 2457 gradum
732 2420 766 2445 et
793 2415 835 2446 30
870 2414 1012 2451 minuta,
1037 2413 1161 2445 Martis
1196 2425 1277 2446 vero
1304 2416 1320 2446 1
1348 2415 1494 2457 gradum
1519 2423 1554 2448 et
1578 2418 1619 2448 40
1651 2418 1782 2450 minuta
1807 2424 1840 2450 et
1870 2419 1935 2449 hoc

92 2472 255 2516 quamdiu
291 2478 343 2504 est
368 2473 401 2504 8³
425 2483 528 2513 spera
562 2472 597 2502 in
633 2478 829 2514 augmento,
860 2472 952 2514 quod
977 2472 1117 2514 quidem
1150 2473 1211 2503 erit
1233 2483 1342 2515 usque
1378 2473 1422 2503 ad
1459 2483 1565 2505 annos
1591 2474 1715 2507 Christi
1753 2477 1844 2507 1600.
1882 2475 1935 2506 Ex

94 2540 161 2573 quo
186 2536 299 2562 autem
321 2530 438 2571 incipit
454 2529 593 2561 diminui
618 2539 687 2560 non
711 2535 848 2570 oportet
872 2529 956 2560 addi
979 2530 1013 2560 in
1038 2530 1259 2572 sequentibus
1283 2530 1552 2563 reuolutionibus
1576 2532 1610 2562 in
1633 2532 1780 2565 Saturno
1798 2533 1935 2575 quidem

94 2587 157 2619 nisi
182 2588 223 2618 30
247 2587 387 2625 minuta,
410 2587 444 2617 in
467 2587 582 2618 Marte
609 2597 689 2618 vero
714 2588 765 2618 40.
791 2585 833 2630 Ε
857 2586 1040 2628 Completa
1076 2593 1187 2619 autem
1215 2588 1325 2628 prima
1348 2588 1561 2620 reuolutione
1586 2589 1685 2627 Iovis,
1710 2590 1872 2623 subtrahe
1903 2591 1934 2620 in

94 2645 247 2687 qualibet
270 2644 426 2687 sequenti
450 2656 470 2675 a
494 2644 572 2676 loco
597 2644 668 2676 eius
693 2646 735 2676 30
759 2645 838 2676 min.
863 2651 897 2677 et
921 2645 987 2676 hoc
1020 2645 1185 2687 quamdiu
1208 2655 1311 2686 spera
1337 2647 1369 2676 8³
1391 2645 1496 2677 fuerit
1519 2645 1551 2675 in
1585 2650 1779 2686 augmento,
1812 2644 1845 2674 in
1878 2644 1936 2675 de-

95 2708 272 2734 cremento
304 2712 388 2733 uero
412 2702 574 2734 subtrahe
607 2712 669 2743 pro
694 2702 846 2745 qualibet
882 2703 1100 2734 reuolutione
1129 2704 1140 2733 l
1169 2714 1220 2745 gr.
1245 2709 1278 2735 et
1302 2704 1343 2734 30
1375 2703 1454 2734 min.
1491 2709 1525 2734 et
1548 2702 1690 2734 habebis
1726 2703 1841 2733 locum
1866 2702 1937 2732 eius

95 2770 226 2791 uerum.
252 2758 359 2796 Quod
383 2759 410 2790 si
433 2759 685 2791 retrocedendo
720 2760 770 2790 uis
800 2760 888 2791 scire
911 2761 991 2791 loca
1016 2770 1133 2792 eorum
1157 2761 1190 2790 in
1215 2760 1313 2791 annis
1348 2760 1474 2792 Christi
1510 2759 1778 2801 precedentibus
1813 2770 1937 2790 annum

99 2817 192 2853 1300,
217 2816 381 2849 subtrahe
406 2828 425 2847 a
449 2817 603 2859 qualibet
627 2817 841 2849 reuolutione
877 2818 965 2849 illud
990 2819 1083 2860 quod
1107 2818 1338 2850 mandabatur
1362 2818 1444 2849 addi
1469 2818 1524 2848 uel
1550 2817 1643 2848 adde
1669 2817 1762 2859 quod
1786 2816 1937 2848 subtrahi

94 2873 274 2905 iubebatur
297 2873 486 2905 secundum
504 2881 725 2916 augmentum
743 2875 800 2906 uel
825 2875 1083 2907 diminutionem
1103 2877 1134 2906 ge
1157 2886 1292 2916 sperae.
1317 2875 1359 2919 Ε
1377 2875 1528 2912 Quando
1553 2881 1666 2907 autem
1684 2874 1772 2905 scire
1789 2874 1937 2905 uolueris

96 2931 209 2962 locum
231 2930 390 2969 Ueneris,
415 2932 581 2963 subtrahe
598 2932 641 2963 ab
659 2932 758 2962 annis
780 2932 909 2964 Christi
930 2933 1012 2964 1300
1039 2939 1073 2964 et
1101 2943 1178 2964 cum
1202 2933 1343 2965 residuo
1367 2933 1456 2964 intra
1482 2933 1633 2964 tabulam
1659 2932 1730 2963 eius
1748 2931 1793 2962 ad
1811 2942 1936 2962 annum

96 2988 326 3030 subscriptum
351 2996 385 3021 et
409 2989 499 3020 diem
526 2995 560 3021 et
583 2999 734 3021 mensem
760 3001 861 3032 quem
898 2990 1048 3022 uolueris
1073 2997 1106 3022 et
1129 2991 1186 3022 ubi
1211 2991 1460 3027 concurrerint,
1484 2990 1529 3022 ibi
1562 2996 1660 3022 erunt
1683 2989 1871 3021 secundum
1895 2989 1937 3019 si-

928 3086 1105 3137 &3⁴4

1977 2150 1999 2165 C.
2013 2158 2017 2162 ⁴
2040 2150 2060 2163 Γ.
2077 2150 2102 2161 ΓΗ

2065 468 2090 481 cu
2104 478 2108 482 .
2126 463 2144 480 Ζ.
