2352 3473
335 1039 615 1090 INCIPIT
664 1040 1067 1091 ALMANACH
1114 1040 1441 1091 PROFATII
1490 1041 1681 1090 IUDEI

403 1153 483 1202 DE
520 1154 760 1203 MONTE
797 1155 1146 1205 PESULANO
1183 1149 1606 1205 PERPETUUM¹

983 1265 1040 1367 ὅ

511 1531 577 1562 Via
594 1542 710 1563 omnes
734 1532 885 1563 homines
911 1532 1113 1563 naturaliter
1134 1532 1223 1563 scire
1248 1532 1448 1563 desiderant
1474 1539 1507 1563 et
1531 1533 1676 1564 maxime
1698 1544 1752 1564 res
1777 1533 1931 1564 occultas

510 1598 687 1628 supremas
712 1594 744 1619 et
767 1588 874 1623 altas;
900 1588 979 1619 inde
1004 1594 1055 1619 est
1080 1588 1173 1629 quod
1198 1587 1294 1618 multi
1319 1588 1472 1619 homines
1498 1588 1618 1619 uolunt
1642 1589 1730 1619 scire
1754 1588 1929 1620 scientiam

511 1641 714 1684 astrologie:
748 1643 803 1684 qui
836 1642 880 1673 ab
913 1654 954 1673 ea
985 1643 1125 1674 scienda
1157 1652 1263 1673 causa
1295 1643 1475 1683 multiplici
1506 1643 1725 1674 retardantur
1757 1649 1790 1674 et
1825 1643 1931 1683 impe-

511 1697 660 1728 diuntur.
685 1697 799 1729 Primo
825 1699 962 1740 quidem
988 1698 1068 1740 quia
1094 1698 1196 1729 etiam
1220 1698 1373 1729 homines
1399 1698 1506 1729 multa
1530 1698 1726 1729 intellectus
1743 1697 1931 1729 subtilitate

509 1752 666 1794 uigentes
689 1752 745 1782 uix
771 1757 804 1783 et
826 1762 905 1783 cum
930 1752 1036 1783 multa
1062 1752 1262 1783 difficultate
1287 1758 1430 1797 possunt
1454 1752 1648 1794 ymaginari
1672 1751 1800 1794 figuras
1824 1751 1857 1782 in
1881 1762 1933 1782 su-

510 1807 714 1848 perficiebus
732 1813 936 1848 protractas,
954 1808 1062 1838 minus
1080 1808 1181 1838 etiam
1207 1808 1241 1838 in
1259 1807 1464 1848 corporibus
1482 1813 1515 1838 et
1533 1808 1640 1838 multo
1666 1807 1774 1838 minus
1798 1807 1932 1849 ymagi-

510 1868 608 1893 natas
632 1862 665 1892 in
700 1863 950 1905 pyramidibus.
982 1861 1024 1906 ([
1049 1862 1209 1894 Secundo
1245 1864 1324 1904 quia
1348 1862 1491 1893 aliarum
1529 1862 1750 1893 scientiarum
1785 1862 1933 1899 habitus,

470 1931 472 1933 ·
510 1918 589 1959 quia
614 1918 657 1949 de
682 1918 808 1949 difficili
840 1919 985 1950 mobiles
1009 1924 1098 1955 sunt,
1122 1928 1191 1949 non
1222 1918 1368 1949 faciliter
1393 1917 1594 1949 amittuntur
1625 1917 1686 1948 nisi
1710 1917 1767 1949 uel
1791 1923 1933 1958 propter

88 1986 248 2018 magnam
272 1981 392 2006 nature
419 1975 656 2006 alterationem
683 1981 716 2006 et
742 1975 1002 2017 corrupcionem
1028 1986 1091 2017 per
1115 1986 1201 2017 quas
1235 1976 1349 2006 anima
1373 1976 1407 2005 in
1433 1975 1501 2006 suis
1533 1974 1792 2016 operationibus
1824 1975 1933 2015 impe—

88 2033 199 2068 ditur;
235 2033 291 2064 uel
322 2039 465 2074 propter
497 2033 583 2064 alias
619 2043 743 2064 causas
779 2033 945 2065 diuersas.
983 2032 1025 2076 fl:
1055 2033 1093 2064 In
1126 2033 1269 2064 scientia
1306 2038 1420 2064 autem
1452 2033 1518 2064 hac
1551 2042 1618 2063 non
1650 2032 1760 2063 solum
1793 2038 1931 2072 oportet

88 2089 217 2121 habere
241 2089 310 2121 eius
336 2090 500 2128 habiturn,
524 2090 627 2122 immo
651 2091 849 2122 continuum
876 2090 1077 2122 exercitium
1110 2091 1204 2121 circa
1226 2090 1473 2122 calculationes
1506 2090 1797 2127 coniunctionum,
1823 2100 1932 2131 oppo—

87 2147 246 2178 sitionum
270 2153 303 2178 et
327 2153 479 2179 motuum
507 2148 685 2179 stellarum
712 2148 937 2186 diuersarum,
972 2148 1107 2180 scilicet
1144 2147 1576 2189 circa‘retrogradationes
1601 2153 1635 2178 et
1660 2147 1867 2178 directiones
1900 2152 1932 2177 et

86 2205 251 2236 stationes
275 2215 404 2243 earum,
438 2211 580 2247 propter
616 2216 762 2248 quorum
794 2205 993 2237 continuum
1030 2205 1279 2237 obseruationis
1310 2205 1440 2237 tedium
1476 2205 1606 2236 sciendi
1643 2204 1850 2236 desiderium
1883 2210 1931 2235 te-

88 2262 199 2303 pescit
223 2267 256 2293 et
280 2262 444 2305 fatigatur
475 2263 508 2294 in
540 2263 664 2295 multis.
689 2262 732 2306 ffi
755 2246 981 2310 Tertioizquia
1005 2263 1099 2294 multi
1126 2268 1311 2305 querentes
1344 2263 1447 2293 alium
1473 2263 1571 2293 finem
1597 2262 1629 2292 in
1654 2261 1803 2293 scientiis
1829 2272 1931 2302 quam

87 2320 199 2361 ipsum
222 2320 311 2351 scire
335 2321 543 2361 prestituunt
566 2321 630 2352 sibi
647 2321 852 2363 frequenter
875 2312 978 2352 alium
1007 2321 1107 2351 finem
1126 2332 1229 2362 quam
1255 2321 1365 2351 anime
1390 2320 1566 2351 rationalis
1590 2319 1849 2361 perfectionem,
1866 2319 1930 2350 sci-

89 2377 169 2408 licet
193 2377 249 2408 uel
272 2377 421 2409 honores
445 2383 481 2409 ut
504 2378 626 2419 phisici
650 2384 684 2410 et
708 2376 833 2422 logici,'
849 2379 1013 2419 pecunias
1038 2384 1075 2409 ut
1098 2378 1253 2409 rethores
1278 2384 1310 2408 et
1335 2377 1509 2415 causidici,
1535 2377 1787 2408 delectationes
1803 2382 1840 2407 ut
1864 2387 1932 2407 me-

89 2434 165 2465 dici.
191 2434 243 2477 Hij
266 2441 380 2466 autem
405 2435 487 2466 fines
511 2436 632 2467 semoti
656 2442 735 2467 sunt
758 2447 778 2467 a
802 2436 950 2467 scientiis
974 2436 1201 2466 matematicis
1226 2446 1292 2477 que
1310 2445 1376 2467 non
1403 2435 1641 2466 demonstrant
1666 2439 1809 2475 propter
1826 2434 1929 2464 alium

89 2491 190 2522 finem
214 2491 332 2523 utilem
348 2492 409 2523 nisi
427 2499 570 2534 propter
585 2494 696 2534 ipsum
714 2493 803 2524 scire
829 2499 971 2530 tantum,
990 2493 1084 2535 quod
1102 2499 1153 2524 est
1170 2493 1340 2533 perfectio
1358 2492 1471 2523 anime
1495 2492 1682 2523 rationalis.
1701 2491 1799 2522 Licet
1816 2496 1929 2522 autem

89 2549 323 2591 philosophari
348 2550 469 2582 melius
494 2551 535 2582 sit
561 2562 663 2593 quam
688 2551 800 2588 ditari,
832 2551 927 2582 multi
953 2557 1067 2582 tamen
1092 2551 1192 2582 hodie
1217 2551 1294 2592 plus
1327 2550 1507 2591 inuigilant
1532 2549 1683 2581 scientiis
1708 2554 1850 2590 propter
1873 2559 1930 2579 ne-

89 2607 316 2639 cessariorum
333 2608 596 2650 acquisitionem
621 2620 723 2650 quam
742 2614 884 2650 propter
901 2609 1012 2640 anime
1036 2608 1300 2649 perfectionem,
1318 2613 1460 2649 propter
1478 2618 1544 2649 que
1569 2607 1685 2638 omnia
1710 2606 1805 2637 multi
1829 2606 1930 2637 hodie

89 2675 210 2705 parum
235 2671 358 2697 curant
382 2666 425 2696 de
449 2666 590 2697 scientia
616 2666 803 2709 astrologie
828 2666 908 2698 licet
932 2676 1008 2697 eam
1033 2665 1254 2696 libentissime
1271 2665 1361 2696 scire
1379 2665 1519 2696 uellent.
1544 2663 1587 2706 (Ε
1610 2663 1654 2694 Et
1678 2663 1759 2705 quia
1783 2673 1930 2704 persone

89 2722 238 2764 quedam
262 2722 491 2761 honorabiles,
516 2724 673 2755 nolentes
697 2734 732 2755 se
757 2729 806 2755 tot
832 2723 1008 2755 laboribus
1033 2723 1133 2754 huius
1165 2723 1307 2754 scientie
1331 2722 1473 2765 iungere
1499 2727 1532 2752 et
1557 2732 1598 2753 ne
1630 2731 1749 2753 eorum
1781 2720 1930 2751 studium

89 2779 180 2811 circa
211 2779 296 2811 alias
328 2780 488 2811 scientias
514 2780 649 2812 minime
674 2781 897 2822 impediretur
921 2792 974 2811 me
1006 2786 1216 2823 rogauerunt
1241 2779 1476 2821 multipliciter
1501 2784 1536 2809 ut
1568 2778 1712 2820 aliquod
1744 2778 1820 2809 leue
1845 2787 1930 2818 opus

89 2836 138 2868 eis
161 2836 315 2868 facerem
341 2848 410 2879 quo
435 2838 513 2869 loca
538 2838 756 2879 planetarum
780 2838 933 2869 faciliter
956 2838 1161 2875 inuenirent,
1192 2837 1271 2868 ideo
1304 2848 1421 2868 eorum
1448 2836 1607 2877 precibus
1632 2835 1813 2866 inclinatus
1845 2844 1929 2874 opus

89 2894 265 2935 composui
290 2901 324 2926 et
347 2895 478 2936 perfeci
509 2895 618 2926 simile
643 2896 826 2927 almanach
850 2896 954 2937 ipsius
980 2894 1121 2926 Armeni
1140 2895 1302 2935 discipuli
1327 2893 1520 2926 Ptholomei
1545 2893 1638 2935 quod
1663 2892 1747 2923 fecit
1763 2892 1807 2923 ad
1831 2891 1930 2923 Cleo-

89 2957 223 2992 patram
247 2951 349 2983 filiam
374 2953 456 2984 eius.
482 2953 775 2994 Verumptamen²
807 2953 885 2995 quia
910 2959 988 2994 post
1013 2953 1083 2983 eius
1107 2953 1249 2995 longum
1275 2958 1408 2993 tempus
1432 2951 1607 2983 inuentum
1636 2955 1686 2981 est
1717 2959 1793 2981 cum
1817 2948 1928 2980 multis

161 3063 166 3078 ¹
189 3065 229 3088 Ex
250 3065 310 3090 cod.
330 3071 353 3089 2.

160 3111 170 3127 '²
197 3113 360 3145 Verumptmu
381 3114 411 3138 in
433 3113 494 3138 cod.
519 3121 539 3137 1.
