<?xml version="1.0" encoding="UTF-8"?>
<!DOCTYPE html PUBLIC "-//W3C//DTD XHTML 1.0 Transitional//EN"
    "http://www.w3.org/TR/xhtml1/DTD/xhtml1-transitional.dtd">
<html xmlns="http://www.w3.org/1999/xhtml" xml:lang="en" lang="en">
 <head>
  <title>
</title>
<meta http-equiv="Content-Type" content="text/html;charset=utf-8" />
  <meta name='ocr-system' content='tesseract 3.04.00' />
  <meta name='ocr-capabilities' content='ocr_page ocr_carea ocr_par ocr_line ocrx_word'/>
</head>
<body>
  <div class='ocr_page' id='page_1' title='image "almanachdantisal00boffuoft_0031.png"; bbox 0 0 2352 3473; ppageno 0'>
   <div class='ocr_carea' id='block_1_1' title="bbox 76 245 1920 750">
    <p class='ocr_par' dir='ltr' id='par_1_1' title="bbox 76 245 1920 750">
     <span class='ocr_line' id='line_1_1' title="bbox 79 245 1917 299; baseline -0.007 -10"><span class='ocrx_word' id='word_1_1' title='bbox 79 264 112 289; x_wconf 87' lang='lat' dir='ltr'><strong>et</strong></span> <span class='ocrx_word' id='word_1_2' title='bbox 136 259 161 289; x_wconf 89' lang='lat' dir='ltr'><strong>si</strong></span> <span class='ocrx_word' id='word_1_3' title='bbox 179 256 428 299; x_wconf 89' lang='lat' dir='ltr'><strong>oppositionem</strong></span> <span class='ocrx_word' id='word_1_4' title='bbox 453 260 504 285; x_wconf 88' lang='lat' dir='ltr'><strong>est</strong></span> <span class='ocrx_word' id='word_1_5' title='bbox 527 255 559 285; x_wconf 89' lang='lat' dir='ltr'><strong>in</strong></span> <span class='ocrx_word' id='word_1_6' title='bbox 586 253 698 285; x_wconf 89' lang='lat' dir='ltr'><strong>medio</strong></span> <span class='ocrx_word' id='word_1_7' title='bbox 723 253 796 285; x_wconf 89' lang='lat' dir='ltr'><strong>eius</strong></span> <span class='ocrx_word' id='word_1_8' title='bbox 819 252 953 284; x_wconf 88' lang='lat' dir='ltr'><strong>scilicet</strong></span> <span class='ocrx_word' id='word_1_9' title='bbox 976 251 1010 282; x_wconf 89' lang='lat' dir='ltr'><strong>in</strong></span> <span class='ocrx_word' id='word_1_10' title='bbox 1030 251 1066 281; x_wconf 92' lang='grc'><strong>14</strong></span> <span class='ocrx_word' id='word_1_11' title='bbox 1085 251 1141 281; x_wconf 88' lang='lat' dir='ltr'><strong>vel</strong></span> <span class='ocrx_word' id='word_1_12' title='bbox 1164 250 1200 280; x_wconf 91' lang='lat'><strong>15</strong></span> <span class='ocrx_word' id='word_1_13' title='bbox 1218 249 1274 281; x_wconf 90' lang='lat' dir='ltr'><strong>die</strong></span> <span class='ocrx_word' id='word_1_14' title='bbox 1291 249 1443 280; x_wconf 88' lang='lat' dir='ltr'><strong>eiusdem</strong></span> <span class='ocrx_word' id='word_1_15' title='bbox 1461 255 1495 280; x_wconf 92' lang='lat' dir='ltr'><strong>et</strong></span> <span class='ocrx_word' id='word_1_16' title='bbox 1512 247 1600 279; x_wconf 89' lang='lat' dir='ltr'><strong>scias</strong></span> <span class='ocrx_word' id='word_1_17' title='bbox 1617 247 1651 277; x_wconf 92' lang='lat' dir='ltr'><strong>in</strong></span> <span class='ocrx_word' id='word_1_18' title='bbox 1670 251 1776 288; x_wconf 92' lang='lat' dir='ltr'><strong>quota</strong></span> <span class='ocrx_word' id='word_1_19' title='bbox 1792 245 1848 277; x_wconf 90' lang='lat' dir='ltr'><strong>die</strong></span> <span class='ocrx_word' id='word_1_20' title='bbox 1866 251 1917 276; x_wconf 84' lang='lat' dir='ltr'><strong>est</strong></span> 
     </span>
     <span class='ocr_line' id='line_1_2' title="bbox 79 297 1917 347; baseline -0.007 -7"><span class='ocrx_word' id='word_1_21' title='bbox 79 308 275 340; x_wconf 89' lang='lat' dir='ltr'><strong>coniunctio</strong></span> <span class='ocrx_word' id='word_1_22' title='bbox 292 306 348 338; x_wconf 83' lang='lat' dir='ltr'><strong>vel</strong></span> <span class='ocrx_word' id='word_1_23' title='bbox 363 305 534 347; x_wconf 85' lang='lat' dir='ltr'><strong>oppositio</strong></span> <span class='ocrx_word' id='word_1_24' title='bbox 551 304 675 335; x_wconf 83' lang='lat' dir='ltr'>mensis</span> <span class='ocrx_word' id='word_1_25' title='bbox 693 303 943 345; x_wconf 87' lang='lat' dir='ltr'><strong>solaris‚quem</strong></span> <span class='ocrx_word' id='word_1_26' title='bbox 967 301 1054 333; x_wconf 83' lang='lat' dir='ltr'><strong>scire</strong></span> <span class='ocrx_word' id='word_1_27' title='bbox 1079 306 1178 343; x_wconf 83' lang='lat' dir='ltr'><strong>potes</strong></span> <span class='ocrx_word' id='word_1_28' title='bbox 1202 311 1263 341; x_wconf 90' lang='lat' dir='ltr'><strong>per</strong></span> <span class='ocrx_word' id='word_1_29' title='bbox 1287 310 1466 331; x_wconf 89' lang='lat' dir='ltr'><strong>numerum</strong></span> <span class='ocrx_word' id='word_1_30' title='bbox 1490 299 1523 330; x_wconf 91' lang='lat' dir='ltr'><strong>in</strong></span> <span class='ocrx_word' id='word_1_31' title='bbox 1548 309 1616 340; x_wconf 90' lang='lat' dir='ltr'><strong>quo</strong></span> <span class='ocrx_word' id='word_1_32' title='bbox 1641 297 1765 330; x_wconf 82' lang='lat' dir='ltr'>mensis</span> <span class='ocrx_word' id='word_1_33' title='bbox 1790 297 1917 328; x_wconf 90' lang='lat' dir='ltr'><strong>lunaris</strong></span> 
     </span>
     <span class='ocr_line' id='line_1_3' title="bbox 76 347 1917 393; baseline -0.007 -3"><span class='ocrx_word' id='word_1_34' title='bbox 76 359 181 390; x_wconf 85' lang='lat' dir='ltr'><strong>intrat</strong></span> <span class='ocrx_word' id='word_1_35' title='bbox 204 368 355 389; x_wconf 87' lang='lat' dir='ltr'><strong>mensem</strong></span> <span class='ocrx_word' id='word_1_36' title='bbox 379 356 529 387; x_wconf 87' lang='lat' dir='ltr'><strong>solarem</strong></span> <span class='ocrx_word' id='word_1_37' title='bbox 554 355 642 386; x_wconf 88' lang='lat' dir='ltr'><strong>scias</strong></span> <span class='ocrx_word' id='word_1_38' title='bbox 667 360 702 386; x_wconf 91' lang='lat' dir='ltr'><strong>et</strong></span> <span class='ocrx_word' id='word_1_39' title='bbox 726 355 839 386; x_wconf 89' lang='lat' dir='ltr'><strong>locum</strong></span> <span class='ocrx_word' id='word_1_40' title='bbox 863 353 945 384; x_wconf 89' lang='lat' dir='ltr'><strong>solis</strong></span> <span class='ocrx_word' id='word_1_41' title='bbox 970 358 1004 384; x_wconf 93' lang='lat' dir='ltr'><strong>et</strong></span> <span class='ocrx_word' id='word_1_42' title='bbox 1027 352 1130 383; x_wconf 89' lang='lat' dir='ltr'><strong>lunae</strong></span> <span class='ocrx_word' id='word_1_43' title='bbox 1154 352 1185 382; x_wconf 89' lang='lat' dir='ltr'><strong>in</strong></span> <span class='ocrx_word' id='word_1_44' title='bbox 1213 351 1268 383; x_wconf 91' lang='lat' dir='ltr'><strong>die</strong></span> <span class='ocrx_word' id='word_1_45' title='bbox 1292 351 1352 383; x_wconf 87' lang='lat' dir='ltr'><strong>illa</strong></span> <span class='ocrx_word' id='word_1_46' title='bbox 1376 360 1466 393; x_wconf 93' lang='lat' dir='ltr'><strong>quae</strong></span> <span class='ocrx_word' id='word_1_47' title='bbox 1489 349 1608 391; x_wconf 82' lang='lat' dir='ltr'>incipit</span> <span class='ocrx_word' id='word_1_48' title='bbox 1632 349 1666 379; x_wconf 88' lang='lat' dir='ltr'><strong>in</strong></span> <span class='ocrx_word' id='word_1_49' title='bbox 1690 347 1832 380; x_wconf 88' lang='lat' dir='ltr'><strong>meridie</strong></span> <span class='ocrx_word' id='word_1_50' title='bbox 1850 348 1917 379; x_wconf 88' lang='lat' dir='ltr'><strong>diei</strong></span> 
     </span>
     <span class='ocr_line' id='line_1_4' title="bbox 77 397 1917 449; baseline -0.007 -8"><span class='ocrx_word' id='word_1_51' title='bbox 77 409 168 441; x_wconf 92' lang='lat' dir='ltr'><strong>illius</strong></span> <span class='ocrx_word' id='word_1_52' title='bbox 190 410 225 440; x_wconf 92' lang='lat' dir='ltr'><strong>in</strong></span> <span class='ocrx_word' id='word_1_53' title='bbox 248 406 558 449; x_wconf 89' lang='lat' dir='ltr'><strong>Montepessulano</strong></span> <span class='ocrx_word' id='word_1_54' title='bbox 583 411 617 438; x_wconf 90' lang='lat' dir='ltr'><strong>et</strong></span> <span class='ocrx_word' id='word_1_55' title='bbox 641 405 793 437; x_wconf 89' lang='lat' dir='ltr'><strong>invenies</strong></span> <span class='ocrx_word' id='word_1_56' title='bbox 818 403 913 446; x_wconf 90' lang='lat' dir='ltr'><strong>quod</strong></span> <span class='ocrx_word' id='word_1_57' title='bbox 937 408 1037 435; x_wconf 89' lang='lat' dir='ltr'><strong>erunt</strong></span> <span class='ocrx_word' id='word_1_58' title='bbox 1061 402 1235 434; x_wconf 89' lang='lat' dir='ltr'><strong>coniuncti</strong></span> <span class='ocrx_word' id='word_1_59' title='bbox 1261 402 1315 433; x_wconf 90' lang='lat' dir='ltr'><strong>vel</strong></span> <span class='ocrx_word' id='word_1_60' title='bbox 1339 401 1500 443; x_wconf 89' lang='lat' dir='ltr'><strong>oppositi,</strong></span> <span class='ocrx_word' id='word_1_61' title='bbox 1525 401 1581 432; x_wconf 91' lang='lat' dir='ltr'><strong>vel</strong></span> <span class='ocrx_word' id='word_1_62' title='bbox 1606 399 1719 431; x_wconf 87' lang='lat' dir='ltr'><strong>medii.</strong></span> <span class='ocrx_word' id='word_1_63' title='bbox 1752 397 1859 435; x_wconf 86' lang='lat' dir='ltr'><strong>Quod</strong></span> <span class='ocrx_word' id='word_1_64' title='bbox 1890 399 1917 430; x_wconf 89' lang='lat' dir='ltr'><strong>si</strong></span> 
     </span>
     <span class='ocr_line' id='line_1_5' title="bbox 79 450 1917 497; baseline -0.006 -6"><span class='ocrx_word' id='word_1_65' title='bbox 79 461 167 492; x_wconf 85' lang='lat' dir='ltr'><strong>inter</strong></span> <span class='ocrx_word' id='word_1_66' title='bbox 198 459 257 490; x_wconf 88' lang='lat' dir='ltr'><strong>illa</strong></span> <span class='ocrx_word' id='word_1_67' title='bbox 288 459 365 490; x_wconf 89' lang='lat' dir='ltr'><strong>loca</strong></span> <span class='ocrx_word' id='word_1_68' title='bbox 396 457 652 489; x_wconf 85' lang='lat' dir='ltr'><strong>coniunctionio</strong></span> <span class='ocrx_word' id='word_1_69' title='bbox 677 457 731 488; x_wconf 90' lang='lat' dir='ltr'><strong>vel</strong></span> <span class='ocrx_word' id='word_1_70' title='bbox 759 455 983 497; x_wconf 85' lang='lat' dir='ltr'><strong>oppositionis</strong></span> <span class='ocrx_word' id='word_1_71' title='bbox 1006 453 1178 484; x_wconf 87' lang='lat' dir='ltr'><strong>inveneris</strong></span> <span class='ocrx_word' id='word_1_72' title='bbox 1202 453 1386 494; x_wconf 80' lang='lat' dir='ltr'>plusquam</span> <span class='ocrx_word' id='word_1_73' title='bbox 1413 452 1428 486; x_wconf 91' lang='grc'>7</span> <span class='ocrx_word' id='word_1_74' title='bbox 1454 452 1596 494; x_wconf 86' lang='lat' dir='ltr'><strong>gradus,</strong></span> <span class='ocrx_word' id='word_1_75' title='bbox 1619 450 1708 482; x_wconf 89' lang='lat' dir='ltr'><strong>scias</strong></span> <span class='ocrx_word' id='word_1_76' title='bbox 1733 450 1827 491; x_wconf 92' lang='lat' dir='ltr'><strong>quod</strong></span> <span class='ocrx_word' id='word_1_77' title='bbox 1850 459 1917 480; x_wconf 90' lang='lat' dir='ltr'><strong>non</strong></span> 
     </span>
     <span class='ocr_line' id='line_1_6' title="bbox 79 501 1918 553; baseline -0.007 -11"><span class='ocrx_word' id='word_1_78' title='bbox 79 517 194 553; x_wconf 88' lang='lat' dir='ltr'><strong>potest</strong></span> <span class='ocrx_word' id='word_1_79' title='bbox 217 521 292 541; x_wconf 89' lang='lat' dir='ltr'><strong>esse</strong></span> <span class='ocrx_word' id='word_1_80' title='bbox 316 508 514 541; x_wconf 86' lang='lat' dir='ltr'><strong>coniunctio</strong></span> <span class='ocrx_word' id='word_1_81' title='bbox 532 508 588 539; x_wconf 90' lang='lat' dir='ltr'><strong>vel</strong></span> <span class='ocrx_word' id='word_1_82' title='bbox 605 507 778 549; x_wconf 88' lang='lat' dir='ltr'><strong>oppositio</strong></span> <span class='ocrx_word' id='word_1_83' title='bbox 802 507 836 537; x_wconf 88' lang='lat' dir='ltr'><strong>in</strong></span> <span class='ocrx_word' id='word_1_84' title='bbox 861 506 915 537; x_wconf 93' lang='lat' dir='ltr'><strong>die</strong></span> <span class='ocrx_word' id='word_1_85' title='bbox 938 505 1014 536; x_wconf 89' lang='lat' dir='ltr'><strong>illa:</strong></span> <span class='ocrx_word' id='word_1_86' title='bbox 1040 503 1164 544; x_wconf 81' lang='lat' dir='ltr'>accipe</span> <span class='ocrx_word' id='word_1_87' title='bbox 1182 513 1265 546; x_wconf 84' lang='lat' dir='ltr'><strong>ergo</strong></span> <span class='ocrx_word' id='word_1_88' title='bbox 1282 502 1550 544; x_wconf 82' lang='lat' dir='ltr'><strong>praecedentem</strong></span> <span class='ocrx_word' id='word_1_89' title='bbox 1568 502 1624 534; x_wconf 88' lang='lat' dir='ltr'><strong>vel</strong></span> <span class='ocrx_word' id='word_1_90' title='bbox 1641 501 1918 542; x_wconf 82' lang='lat' dir='ltr'><strong>subsequentem.</strong></span> 
     </span>
     <span class='ocr_line' id='line_1_7' title="bbox 81 551 1919 596; baseline -0.006 -3"><span class='ocrx_word' id='word_1_91' title='bbox 81 562 116 593; x_wconf 87' lang='lat' dir='ltr'><strong>Si</strong></span> <span class='ocrx_word' id='word_1_92' title='bbox 141 567 256 593; x_wconf 90' lang='lat' dir='ltr'><strong>autem</strong></span> <span class='ocrx_word' id='word_1_93' title='bbox 280 561 331 592; x_wconf 89' lang='lat' dir='ltr'><strong>vis</strong></span> <span class='ocrx_word' id='word_1_94' title='bbox 355 560 444 591; x_wconf 89' lang='lat' dir='ltr'><strong>scire</strong></span> <span class='ocrx_word' id='word_1_95' title='bbox 468 565 581 590; x_wconf 91' lang='lat' dir='ltr'><strong>utrum</strong></span> <span class='ocrx_word' id='word_1_96' title='bbox 606 558 648 589; x_wconf 90' lang='lat' dir='ltr'><strong>sit</strong></span> <span class='ocrx_word' id='word_1_97' title='bbox 673 563 752 589; x_wconf 91' lang='lat' dir='ltr'><strong>ante</strong></span> <span class='ocrx_word' id='word_1_98' title='bbox 777 556 953 588; x_wconf 85' lang='lat' dir='ltr'><strong>meridiem</strong></span> <span class='ocrx_word' id='word_1_99' title='bbox 978 555 1033 586; x_wconf 85' lang='lat' dir='ltr'><strong>vel</strong></span> <span class='ocrx_word' id='word_1_100' title='bbox 1058 560 1145 596; x_wconf 89' lang='lat' dir='ltr'><strong>post,</strong></span> <span class='ocrx_word' id='word_1_101' title='bbox 1159 554 1249 585; x_wconf 90' lang='lat' dir='ltr'><strong>idest</strong></span> <span class='ocrx_word' id='word_1_102' title='bbox 1273 565 1291 585; x_wconf 92' lang='lat' dir='ltr'><strong>a</strong></span> <span class='ocrx_word' id='word_1_103' title='bbox 1316 554 1534 584; x_wconf 86' lang='lat' dir='ltr'><strong>medianocte</strong></span> <span class='ocrx_word' id='word_1_104' title='bbox 1560 552 1614 583; x_wconf 91' lang='lat' dir='ltr'><strong>vel</strong></span> <span class='ocrx_word' id='word_1_105' title='bbox 1638 553 1729 584; x_wconf 88' lang='lat' dir='ltr'><strong>ultra</strong></span> <span class='ocrx_word' id='word_1_106' title='bbox 1753 552 1809 583; x_wconf 93' lang='lat' dir='ltr'><strong>vel</strong></span> <span class='ocrx_word' id='word_1_107' title='bbox 1833 551 1919 582; x_wconf 87' lang='lat' dir='ltr'><strong>citra</strong></span> 
     </span>
     <span class='ocr_line' id='line_1_8' title="bbox 79 602 1920 653; baseline -0.006 -9"><span class='ocrx_word' id='word_1_108' title='bbox 79 613 113 644; x_wconf 88' lang='lat' dir='ltr'><strong>in</strong></span> <span class='ocrx_word' id='word_1_109' title='bbox 138 611 458 653; x_wconf 85' lang='lat' dir='ltr'><strong>Montepessulano,</strong></span> <span class='ocrx_word' id='word_1_110' title='bbox 481 610 562 641; x_wconf 90' lang='lat' dir='ltr'><strong>vide</strong></span> <span class='ocrx_word' id='word_1_111' title='bbox 587 609 662 651; x_wconf 88' lang='lat' dir='ltr'><strong>quis</strong></span> <span class='ocrx_word' id='word_1_112' title='bbox 686 607 902 639; x_wconf 88' lang='lat' dir='ltr'><strong>luminarium</strong></span> <span class='ocrx_word' id='word_1_113' title='bbox 926 611 1146 648; x_wconf 87' lang='lat' dir='ltr'><strong>processerat</strong></span> <span class='ocrx_word' id='word_1_114' title='bbox 1169 605 1258 647; x_wconf 87' lang='lat' dir='ltr'><strong>plus.</strong></span> <span class='ocrx_word' id='word_1_115' title='bbox 1283 604 1375 636; x_wconf 88' lang='lat' dir='ltr'><strong>Nam</strong></span> <span class='ocrx_word' id='word_1_116' title='bbox 1399 604 1425 635; x_wconf 93' lang='lat' dir='ltr'><strong>si</strong></span> <span class='ocrx_word' id='word_1_117' title='bbox 1449 604 1531 635; x_wconf 92' lang='lat' dir='ltr'><strong>solis</strong></span> <span class='ocrx_word' id='word_1_118' title='bbox 1557 604 1621 635; x_wconf 90' lang='lat' dir='ltr'><strong>erit</strong></span> <span class='ocrx_word' id='word_1_119' title='bbox 1645 602 1840 635; x_wconf 88' lang='lat' dir='ltr'><strong>coniunctio</strong></span> <span class='ocrx_word' id='word_1_120' title='bbox 1865 602 1920 633; x_wconf 93' lang='lat' dir='ltr'><strong>vel</strong></span> 
     </span>
     <span class='ocr_line' id='line_1_9' title="bbox 80 652 1919 705; baseline -0.007 -10"><span class='ocrx_word' id='word_1_121' title='bbox 80 663 252 705; x_wconf 89' lang='lat' dir='ltr'><strong>oppositio</strong></span> <span class='ocrx_word' id='word_1_122' title='bbox 277 668 355 704; x_wconf 88' lang='lat' dir='ltr'><strong>post</strong></span> <span class='ocrx_word' id='word_1_123' title='bbox 377 661 557 693; x_wconf 86' lang='lat' dir='ltr'><strong>meridiem</strong></span> <span class='ocrx_word' id='word_1_124' title='bbox 581 670 691 701; x_wconf 87' lang='lat' dir='ltr'><strong>usque</strong></span> <span class='ocrx_word' id='word_1_125' title='bbox 717 658 763 690; x_wconf 87' lang='lat' dir='ltr'><strong>ad</strong></span> <span class='ocrx_word' id='word_1_126' title='bbox 786 657 935 690; x_wconf 87' lang='lat' dir='ltr'><strong>mediam</strong></span> <span class='ocrx_word' id='word_1_127' title='bbox 959 662 1108 694; x_wconf 89' lang='lat' dir='ltr'><strong>noctem,</strong></span> <span class='ocrx_word' id='word_1_128' title='bbox 1125 656 1152 687; x_wconf 86' lang='lat' dir='ltr'><strong>si</strong></span> <span class='ocrx_word' id='word_1_129' title='bbox 1173 661 1288 687; x_wconf 87' lang='lat' dir='ltr'><strong>autem</strong></span> <span class='ocrx_word' id='word_1_130' title='bbox 1312 656 1415 687; x_wconf 90' lang='lat' dir='ltr'><strong>lunae</strong></span> <span class='ocrx_word' id='word_1_131' title='bbox 1440 655 1503 686; x_wconf 84' lang='lat' dir='ltr'><strong>erit</strong></span> <span class='ocrx_word' id='word_1_132' title='bbox 1527 659 1605 685; x_wconf 82' lang='lat' dir='ltr'><strong>ante</strong></span> <span class='ocrx_word' id='word_1_133' title='bbox 1630 653 1807 685; x_wconf 87' lang='lat' dir='ltr'><strong>meridiem</strong></span> <span class='ocrx_word' id='word_1_134' title='bbox 1831 652 1919 684; x_wconf 89' lang='lat' dir='ltr'><strong>ultra</strong></span> 
     </span>
     <span class='ocr_line' id='line_1_10' title="bbox 82 704 1753 750; baseline -0.007 -4"><span class='ocrx_word' id='word_1_135' title='bbox 82 713 231 745; x_wconf 88' lang='lat' dir='ltr'><strong>mediam</strong></span> <span class='ocrx_word' id='word_1_136' title='bbox 256 719 404 745; x_wconf 89' lang='lat' dir='ltr'><strong>noctem.</strong></span> <span class='ocrx_word' id='word_1_137' title='bbox 429 711 536 749; x_wconf 88' lang='lat' dir='ltr'><strong>Quod</strong></span> <span class='ocrx_word' id='word_1_138' title='bbox 560 711 586 742; x_wconf 90' lang='lat' dir='ltr'><strong>si</strong></span> <span class='ocrx_word' id='word_1_139' title='bbox 610 709 743 741; x_wconf 91' lang='lat' dir='ltr'><strong>numeri</strong></span> <span class='ocrx_word' id='word_1_140' title='bbox 767 714 847 740; x_wconf 89' lang='lat' dir='ltr'><strong>sunt</strong></span> <span class='ocrx_word' id='word_1_141' title='bbox 871 707 1037 750; x_wconf 87' lang='lat' dir='ltr'><strong>aequales</strong></span> <span class='ocrx_word' id='word_1_142' title='bbox 1062 706 1126 739; x_wconf 86' lang='lat' dir='ltr'><strong>erit</strong></span> <span class='ocrx_word' id='word_1_143' title='bbox 1147 706 1180 737; x_wconf 89' lang='lat' dir='ltr'><strong>in</strong></span> <span class='ocrx_word' id='word_1_144' title='bbox 1207 705 1349 737; x_wconf 89' lang='lat' dir='ltr'><strong>meridie</strong></span> <span class='ocrx_word' id='word_1_145' title='bbox 1373 705 1408 736; x_wconf 90' lang='lat' dir='ltr'><strong>in</strong></span> <span class='ocrx_word' id='word_1_146' title='bbox 1432 704 1753 746; x_wconf 86' lang='lat' dir='ltr'><strong>Montepessulano.</strong></span> 
     </span>
    </p>
   </div>
   <div class='ocr_carea' id='block_1_2' title="bbox 83 842 1934 2258">
    <p class='ocr_par' dir='ltr' id='par_1_2' title="bbox 188 842 1922 916">
     <span class='ocr_line' id='line_1_11' title="bbox 188 842 1922 916; baseline -0.006 -15"><span class='ocrx_word' id='word_1_147' title='bbox 188 849 292 916; x_wconf 76' lang='lat' dir='ltr'><strong>Qui</strong></span> <span class='ocrx_word' id='word_1_148' title='bbox 329 850 448 901; x_wconf 87' lang='lat' dir='ltr'><strong>scire</strong></span> <span class='ocrx_word' id='word_1_149' title='bbox 485 848 597 900; x_wconf 90' lang='lat' dir='ltr'><strong>velit</strong></span> <span class='ocrx_word' id='word_1_150' title='bbox 633 859 829 914; x_wconf 84' lang='lat' dir='ltr'><strong>tempus</strong></span> <span class='ocrx_word' id='word_1_151' title='bbox 865 845 1212 898; x_wconf 88' lang='lat' dir='ltr'><strong>coniunctionis</strong></span> <span class='ocrx_word' id='word_1_152' title='bbox 1250 843 1359 895; x_wconf 89' lang='lat' dir='ltr'><strong>solis</strong></span> <span class='ocrx_word' id='word_1_153' title='bbox 1398 853 1444 894; x_wconf 90' lang='lat' dir='ltr'><strong>et</strong></span> <span class='ocrx_word' id='word_1_154' title='bbox 1484 842 1627 893; x_wconf 75' lang='lat' dir='ltr'><strong>lunae</strong></span> <span class='ocrx_word' id='word_1_155' title='bbox 1670 842 1793 893; x_wconf 90' lang='lat' dir='ltr'><strong>idest</strong></span> <span class='ocrx_word' id='word_1_156' title='bbox 1840 861 1922 892; x_wconf 90' lang='lat' dir='ltr'><strong>no-</strong></span> 
     </span>
    </p>

    <p class='ocr_par' dir='ltr' id='par_1_3' title="bbox 83 923 934 986">
     <span class='ocr_line' id='line_1_12' title="bbox 83 923 934 986; baseline -0.006 0"><span class='ocrx_word' id='word_1_157' title='bbox 83 935 318 986; x_wconf 85' lang='lat' dir='ltr'><strong>vilunium</strong></span> <span class='ocrx_word' id='word_1_158' title='bbox 340 933 443 984; x_wconf 64' lang='lat' dir='ltr'><strong>⁴tria</strong></span> <span class='ocrx_word' id='word_1_159' title='bbox 480 923 714 984; x_wconf 80' lang='lat' dir='ltr'><strong>adnotare</strong></span> <span class='ocrx_word' id='word_1_160' title='bbox 752 931 934 982; x_wconf 88' lang='lat' dir='ltr'><strong>debet:</strong></span> 
     </span>
    </p>

    <p class='ocr_par' dir='ltr' id='par_1_4' title="bbox 84 1009 1925 1237">
     <span class='ocr_line' id='line_1_13' title="bbox 260 1009 1925 1083; baseline -0.007 -14"><span class='ocrx_word' id='word_1_161' title='bbox 260 1025 293 1068; x_wconf 88' lang='lat'><strong>1⁰</strong></span> <span class='ocrx_word' id='word_1_162' title='bbox 331 1016 450 1083; x_wconf 74' lang='lat' dir='ltr'><strong>Quo</strong></span> <span class='ocrx_word' id='word_1_163' title='bbox 487 1017 566 1068; x_wconf 88' lang='lat' dir='ltr'><strong>die</strong></span> <span class='ocrx_word' id='word_1_164' title='bbox 600 1015 737 1068; x_wconf 84' lang='lat' dir='ltr'><strong>solari</strong></span> <span class='ocrx_word' id='word_1_165' title='bbox 763 1016 812 1066; x_wconf 92' lang='lat' dir='ltr'><strong>in</strong></span> <span class='ocrx_word' id='word_1_166' title='bbox 838 1015 935 1066; x_wconf 87' lang='lat' dir='ltr'><strong>fine</strong></span> <span class='ocrx_word' id='word_1_167' title='bbox 961 1013 1141 1065; x_wconf 77' lang='lat' dir='ltr'><strong>mensis</strong></span> <span class='ocrx_word' id='word_1_168' title='bbox 1168 1012 1346 1064; x_wconf 80' lang='lat' dir='ltr'><strong>lunaris</strong></span> <span class='ocrx_word' id='word_1_169' title='bbox 1372 1012 1420 1062; x_wconf 84' lang='lat' dir='ltr'><strong>in</strong></span> <span class='ocrx_word' id='word_1_170' title='bbox 1447 1011 1621 1062; x_wconf 77' lang='lat' dir='ltr'><strong>tabulis</strong></span> <span class='ocrx_word' id='word_1_171' title='bbox 1648 1009 1925 1076; x_wconf 82' lang='lat' dir='ltr'><strong>argumenti</strong></span> 
     </span>
     <span class='ocr_line' id='line_1_14' title="bbox 84 1094 1922 1169; baseline -0.005 -16"><span class='ocrx_word' id='word_1_172' title='bbox 84 1103 226 1154; x_wconf 82' lang='lat' dir='ltr'><strong>lunae</strong></span> <span class='ocrx_word' id='word_1_173' title='bbox 251 1102 373 1153; x_wconf 89' lang='lat' dir='ltr'><strong>illius</strong></span> <span class='ocrx_word' id='word_1_174' title='bbox 395 1101 520 1159; x_wconf 82' lang='lat' dir='ltr'><strong>anni,</strong></span> <span class='ocrx_word' id='word_1_175' title='bbox 547 1120 697 1169; x_wconf 89' lang='lat' dir='ltr'><strong>quern</strong></span> <span class='ocrx_word' id='word_1_176' title='bbox 724 1099 946 1157; x_wconf 86' lang='lat' dir='ltr'><strong>volueris,</strong></span> <span class='ocrx_word' id='word_1_177' title='bbox 972 1098 1159 1149; x_wconf 80' lang='lat' dir='ltr'><strong>minuta</strong></span> <span class='ocrx_word' id='word_1_178' title='bbox 1182 1095 1556 1164; x_wconf 81' lang='lat' dir='ltr'><strong>proportionalia</strong></span> <span class='ocrx_word' id='word_1_179' title='bbox 1578 1095 1670 1145; x_wconf 91' lang='lat' dir='ltr'><strong>sint</strong></span> <span class='ocrx_word' id='word_1_180' title='bbox 1695 1110 1726 1141; x_wconf 88' lang='grc' dir='ltr'>Ο</span> <span class='ocrx_word' id='word_1_181' title='bbox 1752 1094 1829 1145; x_wconf 85' lang='lat' dir='ltr'><strong>vel</strong></span> <span class='ocrx_word' id='word_1_182' title='bbox 1856 1109 1922 1157; x_wconf 81' lang='lat'><strong>59.</strong></span> 
     </span>
     <span class='ocr_line' id='line_1_15' title="bbox 84 1177 1343 1237; baseline -0.005 0"><span class='ocrx_word' id='word_1_183' title='bbox 84 1187 139 1237; x_wconf 90' lang='lat' dir='ltr'><strong>In</strong></span> <span class='ocrx_word' id='word_1_184' title='bbox 176 1187 269 1237; x_wconf 91' lang='lat' dir='ltr'><strong>hoc</strong></span> <span class='ocrx_word' id='word_1_185' title='bbox 307 1185 385 1237; x_wconf 89' lang='lat' dir='ltr'><strong>die</strong></span> <span class='ocrx_word' id='word_1_186' title='bbox 424 1177 555 1237; x_wconf 87' lang='lat' dir='ltr'><strong>enim</strong></span> <span class='ocrx_word' id='word_1_187' title='bbox 594 1194 666 1235; x_wconf 90' lang='lat' dir='ltr'><strong>est</strong></span> <span class='ocrx_word' id='word_1_188' title='bbox 703 1183 977 1235; x_wconf 85' lang='lat' dir='ltr'><strong>coniunctio</strong></span> <span class='ocrx_word' id='word_1_189' title='bbox 1016 1181 1343 1233; x_wconf 80' lang='lat' dir='ltr'><strong>luminarium.</strong></span> 
     </span>
    </p>

    <p class='ocr_par' dir='ltr' id='par_1_5' title="bbox 88 1260 1929 1502">
     <span class='ocr_line' id='line_1_16' title="bbox 262 1260 1929 1335; baseline -0.006 -15"><span class='ocrx_word' id='word_1_190' title='bbox 262 1276 304 1320; x_wconf 86' lang='lat'><strong>2⁰</strong></span> <span class='ocrx_word' id='word_1_191' title='bbox 342 1268 446 1335; x_wconf 72' lang='lat' dir='ltr'><strong>Qui</strong></span> <span class='ocrx_word' id='word_1_192' title='bbox 484 1269 540 1319; x_wconf 88' lang='lat' dir='ltr'><strong>sit</strong></span> <span class='ocrx_word' id='word_1_193' title='bbox 578 1269 713 1319; x_wconf 85' lang='lat' dir='ltr'><strong>locus</strong></span> <span class='ocrx_word' id='word_1_194' title='bbox 751 1267 859 1318; x_wconf 89' lang='lat' dir='ltr'><strong>solis</strong></span> <span class='ocrx_word' id='word_1_195' title='bbox 888 1277 935 1319; x_wconf 93' lang='lat' dir='ltr'><strong>et</strong></span> <span class='ocrx_word' id='word_1_196' title='bbox 967 1267 1112 1317; x_wconf 82' lang='lat' dir='ltr'><strong>lunae</strong></span> <span class='ocrx_word' id='word_1_197' title='bbox 1138 1265 1215 1317; x_wconf 80' lang='lat' dir='ltr'><strong>illa</strong></span> <span class='ocrx_word' id='word_1_198' title='bbox 1241 1264 1334 1319; x_wconf 79' lang='lat' dir='ltr'><strong>die.</strong></span> <span class='ocrx_word' id='word_1_199' title='bbox 1365 1284 1491 1331; x_wconf 82' lang='lat' dir='ltr'><strong>quae</strong></span> <span class='ocrx_word' id='word_1_200' title='bbox 1518 1260 1788 1313; x_wconf 76' lang='lat' dir='ltr'><strong>differentia</strong></span> <span class='ocrx_word' id='word_1_201' title='bbox 1814 1280 1929 1326; x_wconf 86' lang='lat' dir='ltr'><strong>quo-</strong></span> 
     </span>
     <span class='ocr_line' id='line_1_17' title="bbox 88 1344 1927 1421; baseline -0.005 -18"><span class='ocrx_word' id='word_1_202' title='bbox 88 1373 184 1421; x_wconf 86' lang='lat' dir='ltr'><strong>que</strong></span> <span class='ocrx_word' id='word_1_203' title='bbox 222 1353 343 1404; x_wconf 91' lang='lat' dir='ltr'><strong>inter</strong></span> <span class='ocrx_word' id='word_1_204' title='bbox 380 1354 479 1404; x_wconf 88' lang='lat' dir='ltr'><strong>duo</strong></span> <span class='ocrx_word' id='word_1_205' title='bbox 518 1353 649 1404; x_wconf 81' lang='lat' dir='ltr'><strong>loca:</strong></span> <span class='ocrx_word' id='word_1_206' title='bbox 682 1372 797 1402; x_wconf 82' lang='lat' dir='ltr'><strong>nam</strong></span> <span class='ocrx_word' id='word_1_207' title='bbox 823 1352 860 1402; x_wconf 90' lang='lat' dir='ltr'><strong>si</strong></span> <span class='ocrx_word' id='word_1_208' title='bbox 888 1351 1009 1402; x_wconf 82' lang='lat' dir='ltr'><strong>haec</strong></span> <span class='ocrx_word' id='word_1_209' title='bbox 1037 1361 1109 1402; x_wconf 91' lang='lat' dir='ltr'><strong>est</strong></span> <span class='ocrx_word' id='word_1_210' title='bbox 1136 1350 1401 1417; x_wconf 79' lang='lat' dir='ltr'><strong>plusquam</strong></span> <span class='ocrx_word' id='word_1_211' title='bbox 1426 1365 1449 1408; x_wconf 90' lang='lat'><em>7</em></span> <span class='ocrx_word' id='word_1_212' title='bbox 1475 1346 1613 1413; x_wconf 80' lang='lat' dir='ltr'><strong>grad.</strong></span> <span class='ocrx_word' id='word_1_213' title='bbox 1644 1356 1691 1397; x_wconf 89' lang='lat' dir='ltr'><strong>et</strong></span> <span class='ocrx_word' id='word_1_214' title='bbox 1719 1363 1784 1409; x_wconf 73' lang='lat'><strong>40</strong></span> <span class='ocrx_word' id='word_1_215' title='bbox 1812 1344 1927 1394; x_wconf 92' lang='lat' dir='ltr'><strong>min.</strong></span> 
     </span>
     <span class='ocr_line' id='line_1_18' title="bbox 89 1429 1686 1502; baseline -0.004 -14"><span class='ocrx_word' id='word_1_216' title='bbox 89 1437 360 1488; x_wconf 89' lang='lat' dir='ltr'><strong>coniunctio</strong></span> <span class='ocrx_word' id='word_1_217' title='bbox 397 1447 480 1488; x_wconf 79' lang='lat' dir='ltr'><strong>aut</strong></span> <span class='ocrx_word' id='word_1_218' title='bbox 517 1436 645 1488; x_wconf 80' lang='lat' dir='ltr'><strong>cadit</strong></span> <span class='ocrx_word' id='word_1_219' title='bbox 682 1435 730 1486; x_wconf 92' lang='lat' dir='ltr'><strong>in</strong></span> <span class='ocrx_word' id='word_1_220' title='bbox 769 1435 846 1487; x_wconf 89' lang='lat' dir='ltr'><strong>die</strong></span> <span class='ocrx_word' id='word_1_221' title='bbox 884 1433 1197 1502; x_wconf 76' lang='lat' dir='ltr'><strong>praecedenti</strong></span> <span class='ocrx_word' id='word_1_222' title='bbox 1233 1442 1318 1484; x_wconf 82' lang='lat' dir='ltr'><strong>aut</strong></span> <span class='ocrx_word' id='word_1_223' title='bbox 1354 1429 1686 1499; x_wconf 87' lang='lat' dir='ltr'><strong>subsequenti.</strong></span> 
     </span>
    </p>

    <p class='ocr_par' dir='ltr' id='par_1_6' title="bbox 88 1512 1934 2258">
     <span class='ocr_line' id='line_1_19' title="bbox 265 1512 1931 1586; baseline -0.006 -14"><span class='ocrx_word' id='word_1_224' title='bbox 265 1528 304 1582; x_wconf 79' lang='lat'><strong>3⁰</strong></span> <span class='ocrx_word' id='word_1_225' title='bbox 342 1520 521 1572; x_wconf 87' lang='lat' dir='ltr'><strong>Utrum</strong></span> <span class='ocrx_word' id='word_1_226' title='bbox 559 1520 626 1571; x_wconf 87' lang='lat' dir='ltr'><strong>sol</strong></span> <span class='ocrx_word' id='word_1_227' title='bbox 671 1530 753 1571; x_wconf 80' lang='lat' dir='ltr'><strong>aut</strong></span> <span class='ocrx_word' id='word_1_228' title='bbox 797 1520 912 1570; x_wconf 83' lang='lat' dir='ltr'><strong>luna</strong></span> <span class='ocrx_word' id='word_1_229' title='bbox 955 1519 1066 1586; x_wconf 87' lang='lat' dir='ltr'><strong>plus</strong></span> <span class='ocrx_word' id='word_1_230' title='bbox 1111 1515 1413 1584; x_wconf 89' lang='lat' dir='ltr'><strong>processerit,</strong></span> <span class='ocrx_word' id='word_1_231' title='bbox 1453 1514 1653 1582; x_wconf 82' lang='lat' dir='ltr'><strong>quando</strong></span> <span class='ocrx_word' id='word_1_232' title='bbox 1693 1512 1824 1564; x_wconf 91' lang='lat' dir='ltr'><strong>enirn</strong></span> <span class='ocrx_word' id='word_1_233' title='bbox 1861 1513 1931 1563; x_wconf 90' lang='lat' dir='ltr'><strong>sol</strong></span> 
     </span>
     <span class='ocr_line' id='line_1_20' title="bbox 88 1596 1927 1672; baseline -0.005 -16"><span class='ocrx_word' id='word_1_234' title='bbox 88 1604 335 1672; x_wconf 76' lang='lat' dir='ltr'><strong>praecedit</strong></span> <span class='ocrx_word' id='word_1_235' title='bbox 373 1605 551 1662; x_wconf 82' lang='lat' dir='ltr'><strong>lunam,</strong></span> <span class='ocrx_word' id='word_1_236' title='bbox 582 1603 858 1655; x_wconf 83' lang='lat' dir='ltr'><strong>coniunctio</strong></span> <span class='ocrx_word' id='word_1_237' title='bbox 886 1602 973 1654; x_wconf 84' lang='lat' dir='ltr'><strong>erit</strong></span> <span class='ocrx_word' id='word_1_238' title='bbox 999 1613 1113 1653; x_wconf 79' lang='lat' dir='ltr'><strong>ante</strong></span> <span class='ocrx_word' id='word_1_239' title='bbox 1151 1600 1420 1657; x_wconf 88' lang='lat' dir='ltr'><strong>meridiem,</strong></span> <span class='ocrx_word' id='word_1_240' title='bbox 1457 1599 1493 1649; x_wconf 93' lang='lat' dir='ltr'><strong>si</strong></span> <span class='ocrx_word' id='word_1_241' title='bbox 1527 1599 1641 1649; x_wconf 81' lang='lat' dir='ltr'><strong>luna</strong></span> <span class='ocrx_word' id='word_1_242' title='bbox 1666 1596 1927 1664; x_wconf 77' lang='lat' dir='ltr'><strong>praecedit,</strong></span> 
     </span>
     <span class='ocr_line' id='line_1_21' title="bbox 90 1681 1931 1755; baseline -0.005 -15"><span class='ocrx_word' id='word_1_243' title='bbox 90 1689 176 1740; x_wconf 87' lang='lat' dir='ltr'><strong>erit</strong></span> <span class='ocrx_word' id='word_1_244' title='bbox 201 1699 311 1755; x_wconf 90' lang='lat' dir='ltr'><strong>post</strong></span> <span class='ocrx_word' id='word_1_245' title='bbox 338 1688 607 1740; x_wconf 88' lang='lat' dir='ltr'><strong>meridiem.</strong></span> <span class='ocrx_word' id='word_1_246' title='bbox 647 1688 795 1738; x_wconf 80' lang='lat' dir='ltr'><strong>Luna</strong></span> <span class='ocrx_word' id='word_1_247' title='bbox 829 1686 961 1737; x_wconf 92' lang='lat' dir='ltr'><strong>enim</strong></span> <span class='ocrx_word' id='word_1_248' title='bbox 998 1686 1209 1737; x_wconf 85' lang='lat' dir='ltr'><strong>velocior</strong></span> <span class='ocrx_word' id='word_1_249' title='bbox 1247 1695 1319 1736; x_wconf 92' lang='lat' dir='ltr'><strong>est</strong></span> <span class='ocrx_word' id='word_1_250' title='bbox 1356 1684 1456 1735; x_wconf 90' lang='lat' dir='ltr'><strong>sole</strong></span> <span class='ocrx_word' id='word_1_251' title='bbox 1495 1693 1542 1734; x_wconf 93' lang='lat' dir='ltr'><strong>et</strong></span> <span class='ocrx_word' id='word_1_252' title='bbox 1579 1681 1783 1749; x_wconf 89' lang='lat' dir='ltr'><strong>proinde</strong></span> <span class='ocrx_word' id='word_1_253' title='bbox 1820 1691 1931 1731; x_wconf 84' lang='lat' dir='ltr'><strong>ante</strong></span> 
     </span>
     <span class='ocr_line' id='line_1_22' title="bbox 89 1758 1932 1839; baseline -0.005 -15"><span class='ocrx_word' id='word_1_254' title='bbox 89 1772 478 1824; x_wconf 88' lang='lat' dir='ltr'><strong>coniunctionem</strong></span> <span class='ocrx_word' id='word_1_255' title='bbox 516 1771 763 1839; x_wconf 82' lang='lat' dir='ltr'><strong>praecedit</strong></span> <span class='ocrx_word' id='word_1_256' title='bbox 801 1758 983 1829; x_wconf 87' lang='lat' dir='ltr'><strong>solem;</strong></span> <span class='ocrx_word' id='word_1_257' title='bbox 1023 1780 1194 1837; x_wconf 84' lang='lat' dir='ltr'><strong>postea</strong></span> <span class='ocrx_word' id='word_1_258' title='bbox 1230 1788 1346 1819; x_wconf 87' lang='lat' dir='ltr'><strong>vero</strong></span> <span class='ocrx_word' id='word_1_259' title='bbox 1391 1767 1526 1818; x_wconf 87' lang='lat' dir='ltr'><strong>illum</strong></span> <span class='ocrx_word' id='word_1_260' title='bbox 1567 1765 1811 1833; x_wconf 85' lang='lat' dir='ltr'><strong>sequitur;</strong></span> <span class='ocrx_word' id='word_1_261' title='bbox 1850 1784 1932 1814; x_wconf 94' lang='lat' dir='ltr'><strong>nu-</strong></span> 
     </span>
     <span class='ocr_line' id='line_1_23' title="bbox 89 1848 1933 1921; baseline -0.004 -14"><span class='ocrx_word' id='word_1_262' title='bbox 89 1856 209 1907; x_wconf 93' lang='lat' dir='ltr'><strong>meri</strong></span> <span class='ocrx_word' id='word_1_263' title='bbox 246 1867 412 1908; x_wconf 82' lang='lat' dir='ltr'><strong>autem</strong></span> <span class='ocrx_word' id='word_1_264' title='bbox 440 1856 488 1906; x_wconf 94' lang='lat' dir='ltr'><strong>in</strong></span> <span class='ocrx_word' id='word_1_265' title='bbox 526 1855 780 1907; x_wconf 81' lang='lat' dir='ltr'><strong>almanach</strong></span> <span class='ocrx_word' id='word_1_266' title='bbox 818 1854 1082 1921; x_wconf 86' lang='lat' dir='ltr'><strong>respiciunt</strong></span> <span class='ocrx_word' id='word_1_267' title='bbox 1113 1853 1287 1904; x_wconf 83' lang='lat' dir='ltr'><strong>horam</strong></span> <span class='ocrx_word' id='word_1_268' title='bbox 1324 1850 1542 1902; x_wconf 90' lang='lat' dir='ltr'><strong>meridiei</strong></span> <span class='ocrx_word' id='word_1_269' title='bbox 1580 1848 1933 1915; x_wconf 87' lang='lat' dir='ltr'><strong>Montispessu-</strong></span> 
     </span>
     <span class='ocr_line' id='line_1_24' title="bbox 89 1933 1933 2006; baseline -0.004 -15"><span class='ocrx_word' id='word_1_270' title='bbox 89 1940 197 1992; x_wconf 81' lang='lat' dir='ltr'><strong>lani.</strong></span> <span class='ocrx_word' id='word_1_271' title='bbox 237 1939 288 1991; x_wconf 85' lang='lat' dir='ltr'><strong>Si</strong></span> <span class='ocrx_word' id='word_1_272' title='bbox 326 1940 446 1992; x_wconf 88' lang='lat' dir='ltr'><strong>scire</strong></span> <span class='ocrx_word' id='word_1_273' title='bbox 483 1939 688 1991; x_wconf 85' lang='lat' dir='ltr'><strong>velimus</strong></span> <span class='ocrx_word' id='word_1_274' title='bbox 726 1938 1083 2006; x_wconf 87' lang='lat' dir='ltr'><strong>oppositionem</strong></span> <span class='ocrx_word' id='word_1_275' title='bbox 1120 1935 1443 1992; x_wconf 79' lang='lat' dir='ltr'><strong>luminarium,</strong></span> <span class='ocrx_word' id='word_1_276' title='bbox 1477 1934 1699 1985; x_wconf 86' lang='lat' dir='ltr'><strong>videlicet</strong></span> <span class='ocrx_word' id='word_1_277' title='bbox 1736 1933 1933 1999; x_wconf 91' lang='lat' dir='ltr'><strong>plenilu-</strong></span> 
     </span>
     <span class='ocr_line' id='line_1_25' title="bbox 89 2017 1934 2098; baseline -0.004 -23"><span class='ocrx_word' id='word_1_278' title='bbox 89 2024 238 2081; x_wconf 89' lang='lat' dir='ltr'><strong>nium,</strong></span> <span class='ocrx_word' id='word_1_279' title='bbox 267 2024 388 2075; x_wconf 80' lang='lat' dir='ltr'><strong>haec</strong></span> <span class='ocrx_word' id='word_1_280' title='bbox 413 2024 518 2098; x_wconf 75' lang='lat' dir='ltr'><strong>ipsa</strong></span> <span class='ocrx_word' id='word_1_281' title='bbox 544 2024 757 2075; x_wconf 88' lang='lat' dir='ltr'><strong>similiter</strong></span> <span class='ocrx_word' id='word_1_282' title='bbox 781 2022 997 2074; x_wconf 86' lang='lat' dir='ltr'><strong>invenire</strong></span> <span class='ocrx_word' id='word_1_283' title='bbox 1023 2021 1289 2079; x_wconf 86' lang='lat' dir='ltr'><strong>debemus;</strong></span> <span class='ocrx_word' id='word_1_284' title='bbox 1319 2030 1367 2070; x_wconf 84' lang='lat' dir='ltr'><strong>at</strong></span> <span class='ocrx_word' id='word_1_285' title='bbox 1393 2018 1496 2070; x_wconf 90' lang='lat' dir='ltr'><strong>dies</strong></span> <span class='ocrx_word' id='word_1_286' title='bbox 1519 2037 1690 2085; x_wconf 87' lang='lat' dir='ltr'><strong>oppos.</strong></span> <span class='ocrx_word' id='word_1_287' title='bbox 1733 2028 1804 2069; x_wconf 87' lang='lat' dir='ltr'><strong>est</strong></span> <span class='ocrx_word' id='word_1_288' title='bbox 1830 2017 1934 2068; x_wconf 90' lang='lat' dir='ltr'><strong>dies</strong></span> 
     </span>
     <span class='ocr_line' id='line_1_26' title="bbox 90 2101 1929 2171; baseline -0.005 -12"><span class='ocrx_word' id='word_1_289' title='bbox 90 2127 140 2171; x_wconf 77' lang='lat'><strong>14</strong></span> <span class='ocrx_word' id='word_1_290' title='bbox 166 2108 243 2159; x_wconf 86' lang='lat' dir='ltr'><strong>vel</strong></span> <span class='ocrx_word' id='word_1_291' title='bbox 263 2125 301 2169; x_wconf 83' lang='lat'><strong>15</strong></span> <span class='ocrx_word' id='word_1_292' title='bbox 328 2108 506 2159; x_wconf 91' lang='lat' dir='ltr'><strong>mensis</strong></span> <span class='ocrx_word' id='word_1_293' title='bbox 527 2107 718 2159; x_wconf 83' lang='lat' dir='ltr'><strong>lunaris.</strong></span> <span class='ocrx_word' id='word_1_294' title='bbox 747 2106 884 2158; x_wconf 86' lang='lat' dir='ltr'><strong>Loca</strong></span> <span class='ocrx_word' id='word_1_295' title='bbox 903 2116 1070 2157; x_wconf 84' lang='lat' dir='ltr'><strong>autem</strong></span> <span class='ocrx_word' id='word_1_296' title='bbox 1097 2104 1206 2156; x_wconf 88' lang='lat' dir='ltr'><strong>solis</strong></span> <span class='ocrx_word' id='word_1_297' title='bbox 1227 2115 1273 2155; x_wconf 92' lang='lat' dir='ltr'><strong>et</strong></span> <span class='ocrx_word' id='word_1_298' title='bbox 1300 2104 1444 2155; x_wconf 80' lang='lat' dir='ltr'><strong>lunae</strong></span> <span class='ocrx_word' id='word_1_299' title='bbox 1472 2101 1699 2153; x_wconf 77' lang='lat' dir='ltr'><strong>differunt</strong></span> <span class='ocrx_word' id='word_1_300' title='bbox 1719 2105 1747 2150; x_wconf 79' lang='lat'>6</span> <span class='ocrx_word' id='word_1_301' title='bbox 1768 2101 1929 2167; x_wconf 83' lang='lat' dir='ltr'><strong>signis,</strong></span> 
     </span>
     <span class='ocr_line' id='line_1_27' title="bbox 91 2185 1930 2258; baseline -0.004 -16"><span class='ocrx_word' id='word_1_302' title='bbox 91 2192 178 2243; x_wconf 92' lang='lat' dir='ltr'><strong>sed</strong></span> <span class='ocrx_word' id='word_1_303' title='bbox 215 2192 264 2243; x_wconf 93' lang='lat' dir='ltr'><strong>in</strong></span> <span class='ocrx_word' id='word_1_304' title='bbox 299 2192 534 2258; x_wconf 85' lang='lat' dir='ltr'><strong>gradibus</strong></span> <span class='ocrx_word' id='word_1_305' title='bbox 571 2211 669 2242; x_wconf 92' lang='lat' dir='ltr'><strong>non</strong></span> <span class='ocrx_word' id='word_1_306' title='bbox 708 2191 969 2258; x_wconf 80' lang='lat' dir='ltr'><strong>plusquam</strong></span> <span class='ocrx_word' id='word_1_307' title='bbox 1005 2206 1027 2250; x_wconf 90' lang='lat'><strong>7</strong></span> <span class='ocrx_word' id='word_1_308' title='bbox 1066 2200 1113 2240; x_wconf 92' lang='lat' dir='ltr'><strong>et</strong></span> <span class='ocrx_word' id='word_1_309' title='bbox 1150 2208 1231 2253; x_wconf 77' lang='lat'><strong>40,</strong></span> <span class='ocrx_word' id='word_1_310' title='bbox 1271 2199 1325 2238; x_wconf 89' lang='lat' dir='ltr'><strong>ut</strong></span> <span class='ocrx_word' id='word_1_311' title='bbox 1361 2187 1547 2238; x_wconf 89' lang='lat' dir='ltr'><strong>dictum</strong></span> <span class='ocrx_word' id='word_1_312' title='bbox 1585 2196 1656 2237; x_wconf 82' lang='lat' dir='ltr'><strong>est</strong></span> <span class='ocrx_word' id='word_1_313' title='bbox 1693 2185 1930 2252; x_wconf 88' lang='lat' dir='ltr'><strong>superius.</strong></span> 
     </span>
    </p>
   </div>
   <div class='ocr_carea' id='block_1_3' title="bbox 93 2346 1938 3054">
    <p class='ocr_par' dir='ltr' id='par_1_7' title="bbox 93 2346 1938 3054">
     <span class='ocr_line' id='line_1_28' title="bbox 202 2346 1937 2396; baseline -0.004 -11"><span class='ocrx_word' id='word_1_314' title='bbox 202 2354 287 2396; x_wconf 84' lang='lat' dir='ltr'><strong>Pag.</strong></span> <span class='ocrx_word' id='word_1_315' title='bbox 313 2354 342 2391; x_wconf 86' lang='lat'><strong>5,</strong></span> <span class='ocrx_word' id='word_1_316' title='bbox 367 2354 426 2385; x_wconf 84' lang='lat' dir='ltr'><strong>lin.</strong></span> <span class='ocrx_word' id='word_1_317' title='bbox 450 2356 500 2386; x_wconf 76' lang='lat'><strong>18.</strong></span> <span class='ocrx_word' id='word_1_318' title='bbox 525 2353 560 2385; x_wconf 84' lang='lat' dir='ltr'><strong>Si</strong></span> <span class='ocrx_word' id='word_1_319' title='bbox 585 2360 700 2385; x_wconf 79' lang='lat' dir='ltr'><strong>autem</strong></span> <span class='ocrx_word' id='word_1_320' title='bbox 725 2353 775 2384; x_wconf 90' lang='lat' dir='ltr'><strong>vis</strong></span> <span class='ocrx_word' id='word_1_321' title='bbox 792 2353 880 2384; x_wconf 89' lang='lat' dir='ltr'><strong>scire</strong></span> <span class='ocrx_word' id='word_1_322' title='bbox 897 2363 959 2394; x_wconf 88' lang='lat' dir='ltr'><strong>per</strong></span> <span class='ocrx_word' id='word_1_323' title='bbox 976 2358 1061 2394; x_wconf 85' lang='lat' dir='ltr'><strong>quot</strong></span> <span class='ocrx_word' id='word_1_324' title='bbox 1076 2352 1179 2383; x_wconf 89' lang='lat' dir='ltr'><strong>horas</strong></span> <span class='ocrx_word' id='word_1_325' title='bbox 1203 2351 1266 2382; x_wconf 89' lang='lat' dir='ltr'><strong>erit</strong></span> <span class='ocrx_word' id='word_1_326' title='bbox 1290 2350 1449 2392; x_wconf 88' lang='lat' dir='ltr'><strong>predicta</strong></span> <span class='ocrx_word' id='word_1_327' title='bbox 1472 2348 1644 2391; x_wconf 80' lang='lat' dir='ltr'><strong>oppositio</strong></span> <span class='ocrx_word' id='word_1_328' title='bbox 1662 2348 1719 2380; x_wconf 88' lang='lat' dir='ltr'><strong>vel</strong></span> <span class='ocrx_word' id='word_1_329' title='bbox 1742 2346 1937 2380; x_wconf 86' lang='lat' dir='ltr'><strong>coniunctio</strong></span> 
     </span>
     <span class='ocr_line' id='line_1_29' title="bbox 93 2400 1936 2446; baseline -0.003 -11"><span class='ocrx_word' id='word_1_330' title='bbox 93 2409 171 2436; x_wconf 88' lang='lat' dir='ltr'><strong>ante</strong></span> <span class='ocrx_word' id='word_1_331' title='bbox 195 2405 250 2435; x_wconf 92' lang='lat' dir='ltr'><strong>vel</strong></span> <span class='ocrx_word' id='word_1_332' title='bbox 274 2410 354 2445; x_wconf 90' lang='lat' dir='ltr'><strong>post</strong></span> <span class='ocrx_word' id='word_1_333' title='bbox 371 2404 550 2437; x_wconf 88' lang='lat' dir='ltr'><strong>meridiem</strong></span> <span class='ocrx_word' id='word_1_334' title='bbox 573 2404 661 2436; x_wconf 89' lang='lat' dir='ltr'><strong>intra</strong></span> <span class='ocrx_word' id='word_1_335' title='bbox 686 2414 748 2445; x_wconf 91' lang='lat' dir='ltr'><strong>per</strong></span> <span class='ocrx_word' id='word_1_336' title='bbox 772 2404 907 2446; x_wconf 85' lang='lat' dir='ltr'><strong>signum</strong></span> <span class='ocrx_word' id='word_1_337' title='bbox 932 2409 967 2435; x_wconf 89' lang='lat' dir='ltr'><strong>et</strong></span> <span class='ocrx_word' id='word_1_338' title='bbox 990 2403 1139 2446; x_wconf 87' lang='lat' dir='ltr'><strong>gradum</strong></span> <span class='ocrx_word' id='word_1_339' title='bbox 1163 2401 1319 2434; x_wconf 91' lang='lat' dir='ltr'><strong>tabulam</strong></span> <span class='ocrx_word' id='word_1_340' title='bbox 1336 2401 1532 2443; x_wconf 74' lang='lat' dir='ltr'><strong>argumenti</strong></span> <span class='ocrx_word' id='word_1_341' title='bbox 1556 2400 1659 2431; x_wconf 88' lang='lat' dir='ltr'><strong>lunae</strong></span> <span class='ocrx_word' id='word_1_342' title='bbox 1677 2404 1711 2431; x_wconf 93' lang='lat' dir='ltr'><strong>et</strong></span> <span class='ocrx_word' id='word_1_343' title='bbox 1726 2409 1789 2441; x_wconf 86' lang='lat' dir='ltr'><strong>per</strong></span> <span class='ocrx_word' id='word_1_344' title='bbox 1805 2404 1936 2430; x_wconf 88' lang='lat' dir='ltr'><strong>motum</strong></span> 
     </span>
     <span class='ocr_line' id='line_1_30' title="bbox 93 2448 1935 2494; baseline -0.004 -7"><span class='ocrx_word' id='word_1_345' title='bbox 93 2455 171 2487; x_wconf 87' lang='lat' dir='ltr'><strong>solis</strong></span> <span class='ocrx_word' id='word_1_346' title='bbox 195 2455 350 2487; x_wconf 88' lang='lat' dir='ltr'><strong>tabulam</strong></span> <span class='ocrx_word' id='word_1_347' title='bbox 381 2461 493 2487; x_wconf 89' lang='lat' dir='ltr'><strong>motus</strong></span> <span class='ocrx_word' id='word_1_348' title='bbox 524 2455 603 2487; x_wconf 88' lang='lat' dir='ltr'><strong>solis</strong></span> <span class='ocrx_word' id='word_1_349' title='bbox 628 2461 662 2486; x_wconf 87' lang='lat' dir='ltr'><strong>et</strong></span> <span class='ocrx_word' id='word_1_350' title='bbox 686 2455 788 2486; x_wconf 88' lang='lat' dir='ltr'><strong>lunae</strong></span> <span class='ocrx_word' id='word_1_351' title='bbox 821 2455 855 2485; x_wconf 89' lang='lat' dir='ltr'><strong>in</strong></span> <span class='ocrx_word' id='word_1_352' title='bbox 880 2465 947 2485; x_wconf 90' lang='lat' dir='ltr'><strong>una</strong></span> <span class='ocrx_word' id='word_1_353' title='bbox 978 2454 1066 2485; x_wconf 89' lang='lat' dir='ltr'><strong>hora</strong></span> <span class='ocrx_word' id='word_1_354' title='bbox 1090 2452 1296 2494; x_wconf 89' lang='lat' dir='ltr'><strong>accipiendo</strong></span> <span class='ocrx_word' id='word_1_355' title='bbox 1320 2452 1406 2483; x_wconf 91' lang='lat' dir='ltr'><strong>illud</strong></span> <span class='ocrx_word' id='word_1_356' title='bbox 1432 2451 1526 2493; x_wconf 91' lang='lat' dir='ltr'><strong>quod</strong></span> <span class='ocrx_word' id='word_1_357' title='bbox 1549 2449 1718 2481; x_wconf 87' lang='lat' dir='ltr'><strong>inveneris</strong></span> <span class='ocrx_word' id='word_1_358' title='bbox 1742 2449 1775 2479; x_wconf 90' lang='lat' dir='ltr'><strong>in</strong></span> <span class='ocrx_word' id='word_1_359' title='bbox 1800 2448 1935 2480; x_wconf 86' lang='lat' dir='ltr'><strong>directo</strong></span> 
     </span>
     <span class='ocr_line' id='line_1_31' title="bbox 93 2499 1936 2548; baseline -0.005 -10"><span class='ocrx_word' id='word_1_360' title='bbox 93 2516 212 2538; x_wconf 90' lang='lat' dir='ltr'><strong>eorum</strong></span> <span class='ocrx_word' id='word_1_361' title='bbox 229 2506 283 2537; x_wconf 90' lang='lat' dir='ltr'><strong>vel</strong></span> <span class='ocrx_word' id='word_1_362' title='bbox 300 2506 580 2548; x_wconf 83' lang='lat' dir='ltr'><strong>propinquiorem</strong></span> <span class='ocrx_word' id='word_1_363' title='bbox 597 2516 788 2544; x_wconf 91' lang='lat' dir='ltr'><strong>numerum,</strong></span> <span class='ocrx_word' id='word_1_364' title='bbox 806 2506 974 2537; x_wconf 90' lang='lat' dir='ltr'><strong>minorum</strong></span> <span class='ocrx_word' id='word_1_365' title='bbox 992 2510 1106 2535; x_wconf 83' lang='lat' dir='ltr'><strong>tamen</strong></span> <span class='ocrx_word' id='word_1_366' title='bbox 1123 2514 1176 2541; x_wconf 92' lang='lat' dir='ltr'><strong>eo,</strong></span> <span class='ocrx_word' id='word_1_367' title='bbox 1201 2503 1319 2534; x_wconf 84' lang='lat' dir='ltr'><strong>dando</strong></span> <span class='ocrx_word' id='word_1_368' title='bbox 1337 2503 1367 2535; x_wconf 90' lang='lat' dir='ltr'><strong>ei</strong></span> <span class='ocrx_word' id='word_1_369' title='bbox 1385 2501 1692 2543; x_wconf 84' lang='lat' dir='ltr'><strong>proportionaliter</strong></span> <span class='ocrx_word' id='word_1_370' title='bbox 1711 2500 1754 2531; x_wconf 91' lang='lat' dir='ltr'><strong>de</strong></span> <span class='ocrx_word' id='word_1_371' title='bbox 1771 2499 1936 2542; x_wconf 87' lang='lat' dir='ltr'><strong>gradibus</strong></span> 
     </span>
     <span class='ocr_line' id='line_1_32' title="bbox 95 2549 1938 2597; baseline -0.004 -10"><span class='ocrx_word' id='word_1_372' title='bbox 95 2556 230 2587; x_wconf 89' lang='lat' dir='ltr'><strong>minutis</strong></span> <span class='ocrx_word' id='word_1_373' title='bbox 251 2562 284 2588; x_wconf 89' lang='lat' dir='ltr'><strong>et</strong></span> <span class='ocrx_word' id='word_1_374' title='bbox 308 2556 470 2588; x_wconf 86' lang='lat' dir='ltr'><strong>secundis</strong></span> <span class='ocrx_word' id='word_1_375' title='bbox 493 2556 862 2597; x_wconf 87' lang='lat' dir='ltr'><strong>corrrespondentibus</strong></span> <span class='ocrx_word' id='word_1_376' title='bbox 880 2555 910 2586; x_wconf 89' lang='lat' dir='ltr'><strong>ei</strong></span> <span class='ocrx_word' id='word_1_377' title='bbox 927 2554 1117 2586; x_wconf 89' lang='lat' dir='ltr'><strong>secundum</strong></span> <span class='ocrx_word' id='word_1_378' title='bbox 1134 2553 1339 2585; x_wconf 87' lang='lat' dir='ltr'><strong>divisionem</strong></span> <span class='ocrx_word' id='word_1_379' title='bbox 1356 2552 1530 2584; x_wconf 78' lang='lat' dir='ltr'><strong>feriarum.</strong></span> <span class='ocrx_word' id='word_1_380' title='bbox 1548 2551 1682 2583; x_wconf 85' lang='lat' dir='ltr'><strong>Deinde</strong></span> <span class='ocrx_word' id='word_1_381' title='bbox 1699 2549 1820 2591; x_wconf 89' lang='lat' dir='ltr'><strong>accipe</strong></span> <span class='ocrx_word' id='word_1_382' title='bbox 1837 2549 1938 2580; x_wconf 79' lang='lat' dir='ltr'><strong>diffe-</strong></span> 
     </span>
     <span class='ocr_line' id='line_1_33' title="bbox 94 2601 1938 2649; baseline -0.004 -11"><span class='ocrx_word' id='word_1_383' title='bbox 94 2607 242 2638; x_wconf 87' lang='lat' dir='ltr'><strong>rentiam</strong></span> <span class='ocrx_word' id='word_1_384' title='bbox 259 2617 418 2639; x_wconf 84' lang='lat' dir='ltr'><strong>excessus</strong></span> <span class='ocrx_word' id='word_1_385' title='bbox 436 2608 538 2639; x_wconf 87' lang='lat' dir='ltr'><strong>lunae</strong></span> <span class='ocrx_word' id='word_1_386' title='bbox 556 2607 600 2638; x_wconf 93' lang='lat' dir='ltr'><strong>ad</strong></span> <span class='ocrx_word' id='word_1_387' title='bbox 617 2607 727 2639; x_wconf 88' lang='lat' dir='ltr'><strong>solem</strong></span> <span class='ocrx_word' id='word_1_388' title='bbox 744 2617 834 2649; x_wconf 91' lang='lat' dir='ltr'><strong>quae</strong></span> <span class='ocrx_word' id='word_1_389' title='bbox 852 2611 997 2638; x_wconf 83' lang='lat' dir='ltr'><strong>vocatur</strong></span> <span class='ocrx_word' id='word_1_390' title='bbox 1014 2605 1097 2637; x_wconf 92' lang='lat' dir='ltr'><strong>buth</strong></span> <span class='ocrx_word' id='word_1_391' title='bbox 1113 2605 1201 2636; x_wconf 88' lang='lat' dir='ltr'><strong>idest</strong></span> <span class='ocrx_word' id='word_1_392' title='bbox 1219 2603 1418 2635; x_wconf 78' lang='lat' dir='ltr'><strong>differentia</strong></span> <span class='ocrx_word' id='word_1_393' title='bbox 1431 2601 1636 2634; x_wconf 89' lang='lat' dir='ltr'><strong>velocitatis.</strong></span> <span class='ocrx_word' id='word_1_394' title='bbox 1652 2601 1747 2632; x_wconf 91' lang='lat' dir='ltr'><strong>Intra</strong></span> <span class='ocrx_word' id='word_1_395' title='bbox 1761 2610 1843 2642; x_wconf 87' lang='lat' dir='ltr'><strong>ergo</strong></span> <span class='ocrx_word' id='word_1_396' title='bbox 1861 2610 1938 2631; x_wconf 86' lang='lat' dir='ltr'><strong>cum</strong></span> 
     </span>
     <span class='ocr_line' id='line_1_34' title="bbox 94 2651 1937 2699; baseline -0.005 -9"><span class='ocrx_word' id='word_1_397' title='bbox 94 2658 159 2690; x_wconf 88' lang='lat' dir='ltr'><strong>isto</strong></span> <span class='ocrx_word' id='word_1_398' title='bbox 182 2658 268 2690; x_wconf 90' lang='lat' dir='ltr'><strong>buth</strong></span> <span class='ocrx_word' id='word_1_399' title='bbox 291 2657 447 2689; x_wconf 88' lang='lat' dir='ltr'><strong>tabulam</strong></span> <span class='ocrx_word' id='word_1_400' title='bbox 465 2658 687 2689; x_wconf 80' lang='lat' dir='ltr'><strong>differentiae</strong></span> <span class='ocrx_word' id='word_1_401' title='bbox 705 2668 865 2689; x_wconf 86' lang='lat' dir='ltr'><strong>excessus</strong></span> <span class='ocrx_word' id='word_1_402' title='bbox 883 2663 916 2688; x_wconf 92' lang='lat' dir='ltr'><strong>et</strong></span> <span class='ocrx_word' id='word_1_403' title='bbox 933 2667 1063 2699; x_wconf 88' lang='lat' dir='ltr'><strong>quaere</strong></span> <span class='ocrx_word' id='word_1_404' title='bbox 1080 2657 1113 2687; x_wconf 92' lang='lat' dir='ltr'><strong>in</strong></span> <span class='ocrx_word' id='word_1_405' title='bbox 1130 2656 1242 2697; x_wconf 88' lang='lat' dir='ltr'><strong>prima</strong></span> <span class='ocrx_word' id='word_1_406' title='bbox 1266 2655 1358 2686; x_wconf 90' lang='lat' dir='ltr'><strong>linea</strong></span> <span class='ocrx_word' id='word_1_407' title='bbox 1380 2655 1416 2685; x_wconf 87' lang='grc'><strong>13</strong></span> <span class='ocrx_word' id='word_1_408' title='bbox 1434 2653 1595 2685; x_wconf 87' lang='lat' dir='ltr'><strong>horarum</strong></span> <span class='ocrx_word' id='word_1_409' title='bbox 1612 2662 1789 2683; x_wconf 87' lang='lat' dir='ltr'><strong>numerum</strong></span> <span class='ocrx_word' id='word_1_410' title='bbox 1808 2651 1838 2681; x_wconf 89' lang='lat' dir='ltr'><strong>ei</strong></span> <span class='ocrx_word' id='word_1_411' title='bbox 1856 2660 1937 2681; x_wconf 88' lang='lat' dir='ltr'><strong>con-</strong></span> 
     </span>
     <span class='ocr_line' id='line_1_35' title="bbox 95 2701 1938 2750; baseline -0.004 -11"><span class='ocrx_word' id='word_1_412' title='bbox 95 2708 238 2740; x_wconf 88' lang='lat' dir='ltr'><strong>similem</strong></span> <span class='ocrx_word' id='word_1_413' title='bbox 262 2709 317 2740; x_wconf 90' lang='lat' dir='ltr'><strong>vel</strong></span> <span class='ocrx_word' id='word_1_414' title='bbox 334 2709 363 2740; x_wconf 89' lang='lat' dir='ltr'><strong>ei</strong></span> <span class='ocrx_word' id='word_1_415' title='bbox 381 2708 663 2750; x_wconf 89' lang='lat' dir='ltr'><strong>propinquiorem</strong></span> <span class='ocrx_word' id='word_1_416' title='bbox 680 2714 713 2739; x_wconf 92' lang='lat' dir='ltr'><strong>et</strong></span> <span class='ocrx_word' id='word_1_417' title='bbox 729 2719 856 2750; x_wconf 90' lang='lat' dir='ltr'><strong>quaere</strong></span> <span class='ocrx_word' id='word_1_418' title='bbox 881 2709 915 2739; x_wconf 90' lang='lat' dir='ltr'><strong>in</strong></span> <span class='ocrx_word' id='word_1_419' title='bbox 940 2708 1073 2740; x_wconf 86' lang='lat' dir='ltr'><strong>directo</strong></span> <span class='ocrx_word' id='word_1_420' title='bbox 1090 2707 1161 2738; x_wconf 88' lang='lat' dir='ltr'><strong>eius</strong></span> <span class='ocrx_word' id='word_1_421' title='bbox 1178 2705 1390 2738; x_wconf 85' lang='lat' dir='ltr'><strong>consimilem</strong></span> <span class='ocrx_word' id='word_1_422' title='bbox 1409 2705 1511 2737; x_wconf 87' lang='lat' dir='ltr'><strong>etiam</strong></span> <span class='ocrx_word' id='word_1_423' title='bbox 1529 2714 1705 2734; x_wconf 88' lang='lat' dir='ltr'><strong>numerum</strong></span> <span class='ocrx_word' id='word_1_424' title='bbox 1724 2701 1938 2734; x_wconf 78' lang='lat' dir='ltr'><strong>differentiae</strong></span> 
     </span>
     <span class='ocr_line' id='line_1_36' title="bbox 94 2751 1938 2801; baseline -0.004 -11"><span class='ocrx_word' id='word_1_425' title='bbox 94 2760 182 2790; x_wconf 87' lang='lat' dir='ltr'><strong>inter</strong></span> <span class='ocrx_word' id='word_1_426' title='bbox 207 2760 390 2791; x_wconf 89' lang='lat' dir='ltr'><strong>luminaria</strong></span> <span class='ocrx_word' id='word_1_427' title='bbox 413 2760 591 2791; x_wconf 91' lang='lat' dir='ltr'><strong>inventum</strong></span> <span class='ocrx_word' id='word_1_428' title='bbox 616 2770 718 2801; x_wconf 92' lang='lat' dir='ltr'><strong>quem</strong></span> <span class='ocrx_word' id='word_1_429' title='bbox 743 2759 769 2790; x_wconf 88' lang='lat' dir='ltr'><strong>si</strong></span> <span class='ocrx_word' id='word_1_430' title='bbox 793 2758 978 2796; x_wconf 89' lang='lat' dir='ltr'><strong>inveneris,</strong></span> <span class='ocrx_word' id='word_1_431' title='bbox 995 2764 1077 2789; x_wconf 88' lang='lat' dir='ltr'><strong>tunc</strong></span> <span class='ocrx_word' id='word_1_432' title='bbox 1101 2762 1201 2788; x_wconf 88' lang='lat' dir='ltr'><strong>erunt</strong></span> <span class='ocrx_word' id='word_1_433' title='bbox 1224 2762 1274 2788; x_wconf 89' lang='lat' dir='ltr'><strong>tot</strong></span> <span class='ocrx_word' id='word_1_434' title='bbox 1297 2755 1406 2787; x_wconf 91' lang='lat' dir='ltr'><strong>horae</strong></span> <span class='ocrx_word' id='word_1_435' title='bbox 1430 2760 1514 2797; x_wconf 93' lang='lat' dir='ltr'><strong>quot</strong></span> <span class='ocrx_word' id='word_1_436' title='bbox 1538 2753 1697 2786; x_wconf 81' lang='lat' dir='ltr'><strong>invenisti</strong></span> <span class='ocrx_word' id='word_1_437' title='bbox 1723 2751 1938 2793; x_wconf 87' lang='lat' dir='ltr'><strong>suprascrip-</strong></span> 
     </span>
     <span class='ocr_line' id='line_1_37' title="bbox 97 2802 1937 2852; baseline -0.005 -10"><span class='ocrx_word' id='word_1_438' title='bbox 97 2817 159 2842; x_wconf 84' lang='lat' dir='ltr'><strong>taS.</strong></span> <span class='ocrx_word' id='word_1_439' title='bbox 183 2809 219 2841; x_wconf 88' lang='lat' dir='ltr'><strong>Si</strong></span> <span class='ocrx_word' id='word_1_440' title='bbox 244 2817 359 2842; x_wconf 90' lang='lat' dir='ltr'><strong>autem</strong></span> <span class='ocrx_word' id='word_1_441' title='bbox 383 2821 451 2841; x_wconf 90' lang='lat' dir='ltr'><strong>non</strong></span> <span class='ocrx_word' id='word_1_442' title='bbox 475 2810 645 2841; x_wconf 89' lang='lat' dir='ltr'><strong>inveneris</strong></span> <span class='ocrx_word' id='word_1_443' title='bbox 666 2810 812 2841; x_wconf 88' lang='lat' dir='ltr'><strong>similem</strong></span> <span class='ocrx_word' id='word_1_444' title='bbox 837 2820 970 2852; x_wconf 88' lang='lat' dir='ltr'><strong>quaere</strong></span> <span class='ocrx_word' id='word_1_445' title='bbox 993 2809 1026 2839; x_wconf 93' lang='lat' dir='ltr'><strong>in</strong></span> <span class='ocrx_word' id='word_1_446' title='bbox 1051 2809 1186 2840; x_wconf 90' lang='lat' dir='ltr'><strong>directo</strong></span> <span class='ocrx_word' id='word_1_447' title='bbox 1211 2806 1602 2848; x_wconf 66' lang='lat' dir='ltr'><strong>buthpropinquiorem</strong></span> <span class='ocrx_word' id='word_1_448' title='bbox 1620 2803 1837 2835; x_wconf 76' lang='lat' dir='ltr'><strong>differentiae</strong></span> <span class='ocrx_word' id='word_1_449' title='bbox 1854 2802 1937 2834; x_wconf 85' lang='lat' dir='ltr'><strong>buth</strong></span> 
     </span>
     <span class='ocr_line' id='line_1_38' title="bbox 96 2853 1938 2901; baseline -0.005 -9"><span class='ocrx_word' id='word_1_450' title='bbox 96 2871 136 2892; x_wconf 91' lang='lat' dir='ltr'><strong>eo</strong></span> <span class='ocrx_word' id='word_1_451' title='bbox 161 2868 277 2892; x_wconf 86' lang='lat' dir='ltr'><strong>tamen</strong></span> <span class='ocrx_word' id='word_1_452' title='bbox 302 2860 469 2892; x_wconf 91' lang='lat' dir='ltr'><strong>minorem</strong></span> <span class='ocrx_word' id='word_1_453' title='bbox 493 2866 527 2891; x_wconf 92' lang='lat' dir='ltr'><strong>et</strong></span> <span class='ocrx_word' id='word_1_454' title='bbox 550 2860 607 2891; x_wconf 73' lang='lat' dir='ltr'><strong>fac</strong></span> <span class='ocrx_word' id='word_1_455' title='bbox 633 2860 930 2901; x_wconf 85' lang='lat' dir='ltr'><strong>comparationem</strong></span> <span class='ocrx_word' id='word_1_456' title='bbox 954 2860 999 2891; x_wconf 92' lang='lat' dir='ltr'><strong>ibi</strong></span> <span class='ocrx_word' id='word_1_457' title='bbox 1030 2860 1248 2891; x_wconf 88' lang='lat' dir='ltr'><strong>inventorum</strong></span> <span class='ocrx_word' id='word_1_458' title='bbox 1274 2859 1319 2889; x_wconf 84' lang='lat' dir='ltr'><strong>ad</strong></span> <span class='ocrx_word' id='word_1_459' title='bbox 1343 2857 1472 2888; x_wconf 88' lang='lat' dir='ltr'><strong>minuta</strong></span> <span class='ocrx_word' id='word_1_460' title='bbox 1497 2856 1593 2893; x_wconf 87' lang='lat' dir='ltr'><strong>buth‚</strong></span> <span class='ocrx_word' id='word_1_461' title='bbox 1619 2865 1709 2897; x_wconf 90' lang='lat' dir='ltr'><strong>quae</strong></span> <span class='ocrx_word' id='word_1_462' title='bbox 1733 2853 1760 2884; x_wconf 87' lang='lat' dir='ltr'><strong>si</strong></span> <span class='ocrx_word' id='word_1_463' title='bbox 1784 2859 1863 2884; x_wconf 92' lang='lat' dir='ltr'><strong>sunt</strong></span> <span class='ocrx_word' id='word_1_464' title='bbox 1888 2859 1938 2884; x_wconf 91' lang='lat' dir='ltr'><strong>tot</strong></span> 
     </span>
     <span class='ocr_line' id='line_1_39' title="bbox 97 2904 1938 2952; baseline -0.004 -11"><span class='ocrx_word' id='word_1_465' title='bbox 97 2911 153 2943; x_wconf 78' lang='lat' dir='ltr'><strong>fac</strong></span> <span class='ocrx_word' id='word_1_466' title='bbox 179 2921 221 2943; x_wconf 81' lang='lat' dir='ltr'><strong>ex</strong></span> <span class='ocrx_word' id='word_1_467' title='bbox 244 2911 292 2943; x_wconf 90' lang='lat' dir='ltr'><strong>eis</strong></span> <span class='ocrx_word' id='word_1_468' title='bbox 316 2911 436 2943; x_wconf 91' lang='lat' dir='ltr'><strong>horam</strong></span> <span class='ocrx_word' id='word_1_469' title='bbox 461 2921 540 2942; x_wconf 87' lang='lat' dir='ltr'><strong>nam</strong></span> <span class='ocrx_word' id='word_1_470' title='bbox 565 2920 701 2952; x_wconf 89' lang='lat' dir='ltr'><strong>semper</strong></span> <span class='ocrx_word' id='word_1_471' title='bbox 726 2911 810 2942; x_wconf 90' lang='lat' dir='ltr'><strong>buth</strong></span> <span class='ocrx_word' id='word_1_472' title='bbox 836 2917 887 2942; x_wconf 90' lang='lat' dir='ltr'><strong>est</strong></span> <span class='ocrx_word' id='word_1_473' title='bbox 910 2912 1008 2943; x_wconf 87' lang='lat' dir='ltr'><strong>hora.</strong></span> <span class='ocrx_word' id='word_1_474' title='bbox 1032 2910 1067 2941; x_wconf 86' lang='lat' dir='ltr'><strong>Si</strong></span> <span class='ocrx_word' id='word_1_475' title='bbox 1093 2915 1209 2941; x_wconf 87' lang='lat' dir='ltr'><strong>autem</strong></span> <span class='ocrx_word' id='word_1_476' title='bbox 1233 2914 1285 2939; x_wconf 86' lang='lat' dir='ltr'><strong>est</strong></span> <span class='ocrx_word' id='word_1_477' title='bbox 1308 2918 1388 2949; x_wconf 87' lang='lat' dir='ltr'><strong>pars</strong></span> <span class='ocrx_word' id='word_1_478' title='bbox 1414 2907 1484 2938; x_wconf 88' lang='lat' dir='ltr'><strong>eius</strong></span> <span class='ocrx_word' id='word_1_479' title='bbox 1502 2906 1614 2938; x_wconf 90' lang='lat' dir='ltr'><strong>media</strong></span> <span class='ocrx_word' id='word_1_480' title='bbox 1633 2906 1695 2936; x_wconf 91' lang='lat' dir='ltr'><strong>erit</strong></span> <span class='ocrx_word' id='word_1_481' title='bbox 1712 2905 1823 2936; x_wconf 88' lang='lat' dir='ltr'><strong>media</strong></span> <span class='ocrx_word' id='word_1_482' title='bbox 1840 2904 1938 2940; x_wconf 88' lang='lat' dir='ltr'><strong>hora,</strong></span> 
     </span>
     <span class='ocr_line' id='line_1_40' title="bbox 97 2953 1938 2999; baseline -0.005 -6"><span class='ocrx_word' id='word_1_483' title='bbox 97 2962 124 2993; x_wconf 90' lang='lat' dir='ltr'><strong>si</strong></span> <span class='ocrx_word' id='word_1_484' title='bbox 155 2962 308 2993; x_wconf 91' lang='lat' dir='ltr'><strong>secunda</strong></span> <span class='ocrx_word' id='word_1_485' title='bbox 339 2962 504 2999; x_wconf 88' lang='lat' dir='ltr'><strong>secunda,</strong></span> <span class='ocrx_word' id='word_1_486' title='bbox 531 2961 560 2992; x_wconf 90' lang='lat' dir='ltr'><strong>si</strong></span> <span class='ocrx_word' id='word_1_487' title='bbox 591 2961 692 2992; x_wconf 85' lang='lat' dir='ltr'><strong>tertia</strong></span> <span class='ocrx_word' id='word_1_488' title='bbox 717 2962 819 2994; x_wconf 87' lang='lat' dir='ltr'><strong>tertia</strong></span> <span class='ocrx_word' id='word_1_489' title='bbox 844 2968 877 2992; x_wconf 90' lang='lat' dir='ltr'><strong>et</strong></span> <span class='ocrx_word' id='word_1_490' title='bbox 901 2961 950 2993; x_wconf 89' lang='lat' dir='ltr'><strong>sic</strong></span> <span class='ocrx_word' id='word_1_491' title='bbox 976 2961 1019 2993; x_wconf 89' lang='lat' dir='ltr'><strong>de</strong></span> <span class='ocrx_word' id='word_1_492' title='bbox 1045 2960 1140 2992; x_wconf 88' lang='lat' dir='ltr'><strong>aliis:</strong></span> <span class='ocrx_word' id='word_1_493' title='bbox 1166 2965 1199 2991; x_wconf 90' lang='lat' dir='ltr'><strong>et</strong></span> <span class='ocrx_word' id='word_1_494' title='bbox 1223 2958 1367 2991; x_wconf 87' lang='lat' dir='ltr'><strong>habebis</strong></span> <span class='ocrx_word' id='word_1_495' title='bbox 1392 2959 1510 2990; x_wconf 90' lang='lat' dir='ltr'><strong>horam</strong></span> <span class='ocrx_word' id='word_1_496' title='bbox 1542 2963 1575 2988; x_wconf 92' lang='lat' dir='ltr'><strong>et</strong></span> <span class='ocrx_word' id='word_1_497' title='bbox 1607 2962 1740 2998; x_wconf 89' lang='lat' dir='ltr'><strong>partem</strong></span> <span class='ocrx_word' id='word_1_498' title='bbox 1764 2956 1869 2987; x_wconf 89' lang='lat' dir='ltr'><strong>horae</strong></span> <span class='ocrx_word' id='word_1_499' title='bbox 1895 2953 1938 2985; x_wconf 90' lang='lat' dir='ltr'><strong>ad</strong></span> 
     </span>
     <span class='ocr_line' id='line_1_41' title="bbox 98 3012 750 3054; baseline -0.002 -10"><span class='ocrx_word' id='word_1_500' title='bbox 98 3013 375 3045; x_wconf 90' lang='lat' dir='ltr'><strong>coniunctionem</strong></span> <span class='ocrx_word' id='word_1_501' title='bbox 400 3013 454 3045; x_wconf 94' lang='lat' dir='ltr'><strong>vel</strong></span> <span class='ocrx_word' id='word_1_502' title='bbox 478 3012 750 3054; x_wconf 88' lang='lat' dir='ltr'><strong>preventionem.</strong></span> 
     </span>
    </p>
   </div>
   <div class='ocr_carea' id='block_1_4' title="bbox 862 3111 1178 3156">
    <p class='ocr_par' dir='ltr' id='par_1_8' title="bbox 862 3111 1178 3156">
     <span class='ocr_line' id='line_1_42' title="bbox 862 3111 1178 3156; baseline -0.006 0"><span class='ocrx_word' id='word_1_503' title='bbox 862 3122 904 3156; x_wconf 48' lang='grc' dir='ltr'><strong>ἑὲ</strong></span> <span class='ocrx_word' id='word_1_504' title='bbox 942 3111 1099 3154; x_wconf 86' lang='lat' dir='ltr'>XXVII</span> <span class='ocrx_word' id='word_1_505' title='bbox 1134 3119 1178 3154; x_wconf 44' lang='lat' dir='ltr'><strong>e&lt;-</strong></span> 
     </span>
    </p>
   </div>
  </div>
 </body>
</html>
