2352 3473
190 261 244 314 In
281 259 463 311 ratione
500 256 611 308 anni
638 274 748 317 1300
776 251 1055 306 adhibenda
1083 262 1155 301 est
1181 249 1346 300 tabula
1373 256 1426 310 3²²,
1456 267 1613 314 usque
1649 247 1713 298 ad
1749 263 1804 309 29
1830 245 1920 297 Fe-

84 344 261 396 bruarii
300 354 346 394 et
392 341 557 392 tabula
594 346 643 404 4³
680 358 839 406 usque
876 336 938 387 ad
989 335 1122 386 diem
1158 332 1384 384 ultimum
1422 331 1725 383 Decembris.
1776 330 1922 381 Vete-

84 429 217 479 ribus
253 425 541 478 astronomis
579 444 693 475 cum
730 422 1014 473 Ptolomaeo
1051 429 1177 470 terra
1214 417 1302 468 sita
1341 427 1441 467 erat
1467 417 1514 467 in
1540 426 1705 467 centro
1735 415 1919 471 mundi,

84 512 322 580 putabant
370 509 500 561 enim
537 508 690 559 solem
727 506 828 572 (fig.
869 506 906 566 5)
945 502 1130 554 moveri
1157 521 1305 568 super
1331 500 1566 551 circulum
1600 499 1924 551 eccentricum

85 596 232 647 modo
258 591 701 661 appropinquando
739 590 810 652 (in
849 606 975 658 auge
1012 587 1051 637 P
1073 584 1143 650 Q)
1181 585 1243 636 ad
1283 584 1549 639 zodiacum,
1574 583 1722 633 modo
1744 582 1807 633 ab
1844 582 1923 632 illo

83 677 361 730 recedendo
398 677 470 738 (in
497 682 683 740 puncto
711 672 925 737 opposito
957 670 1004 721 E
1023 670 1084 733 F)
1112 689 1201 737 per
1227 668 1524 735 peculiarem
1562 677 1751 716 motum
1777 666 1926 732 ipsius

85 762 263 813 zodiaci
311 760 489 812 scilicet
526 765 586 809 8²²0
624 757 846 825 spherae.
887 755 1059 807 Motus
1086 765 1253 805 autem
1279 752 1418 818 augis
1446 762 1492 801 et
1519 760 1680 801 motus
1717 750 1826 801 solis
1863 750 1927 800 di-

84 844 433 897 versificantur.
474 843 674 894 Praeter
712 840 800 891 hos
839 840 965 890 duos
1003 849 1165 889 motus
1214 835 1470 903 perplures
1517 833 1778 884 astronomi
1831 833 1927 883 iam

83 928 391 996 temporibus
423 925 626 978 Profacii
664 923 983 980 affirmabant,
1021 922 1156 972 iuxta
1185 919 1428 971 doctrinas
1457 917 1677 968 Thebith
1716 916 1928 967 Brucho-

85 1022 156 1063 rat
194 1011 350 1078 capita
387 1010 543 1061 arietis
570 1020 616 1060 et
642 1009 792 1060 librae
830 1006 1015 1058 moveri
1042 1025 1191 1072 super
1226 1005 1351 1055 duos
1389 1002 1590 1054 circulos
1627 1000 1727 1067 (fig.
1767 1002 1826 1062 6),
1866 1000 1930 1050 ita

84 1107 139 1146 ut
177 1094 401 1145 zodiacus
437 1093 586 1144 modo
624 1092 914 1159 procederet
951 1090 1013 1140 ad
1051 1088 1290 1139 orientem
1335 1106 1503 1138 versus
1527 1085 1676 1136 modo
1713 1084 1777 1135 ad
1813 1082 1930 1133 occi-

85 1180 309 1231 dentem':
350 1177 486 1244 quod
535 1196 759 1228 accessus
798 1186 845 1226 et
882 1193 1103 1225 recessus
1141 1178 1203 1222 8³8
1243 1170 1449 1238 spherae
1487 1168 1810 1236 appellabant.

189 1262 338 1313 Nullo
375 1262 481 1312 loco
519 1259 731 1327 loquitur
774 1257 1075 1326 Prophacius
1126 1256 1175 1307 in
1205 1254 1476 1307 canonibus
1501 1252 1599 1303 istis
1633 1253 1696 1303 de
1733 1271 1933 1303 accessu

87 1357 133 1397 et
160 1365 354 1398 recessu
393 1350 453 1395 8²¹e
500 1347 652 1396 slerae
690 1353 916 1410 respectu
955 1343 1018 1393 ad
1045 1360 1247 1392 cursum
1285 1338 1408 1395 solis,
1462 1337 1548 1388 etsi
1585 1336 1633 1386 in
1670 1335 1935 1387 canonibus

86 1431 393 1498 planetarum
419 1429 679 1480 adnotetur
716 1426 987 1478 differentia
1013 1423 1316 1491 aequationis
1344 1421 1392 1472 in
1419 1430 1686 1487 augmento
1715 1430 1762 1471 et
1784 1419 1831 1469 in
1868 1418 1934 1469 di-

86 1513 353 1565 minutione
391 1518 452 1563 8ειε
504 1511 725 1580 spherae.
778 1509 1100 1562 Manifestum
1139 1518 1210 1560 est
1246 1507 1394 1575 igitur
1447 1505 1581 1573 quod
1620 1503 1850 1558 numeris,
1888 1504 1936 1553 in

84 1608 294 1665 quatuor
325 1596 501 1648 tabulis
527 1615 697 1648 cursus
734 1595 859 1652 solis,
901 1593 1167 1660 adsignatis
1206 1591 1438 1642 addenda
1475 1589 1551 1640 vel
1605 1588 1936 1639 subtrahenda

93 1692 163 1733 est
205 1680 429 1748 aequatio
467 1700 594 1748 quae
620 1680 669 1730 in
692 1679 861 1730 tabula
888 1697 1000 1745 pag.
1033 1688 1282 1729 extremae
1309 1674 1538 1741 inscripta
1564 1673 1768 1723 videtur.
1811 1670 1936 1722 Coe-

92 1776 263 1822 terum,
291 1764 428 1815 annis
466 1782 576 1825 1300
616 1774 662 1815 et
700 1781 808 1825 1301,
850 1762 933 1830 qui
961 1772 1074 1812 sunt
1098 1760 1241 1828 primi
1267 1759 1377 1828 anni
1408 1757 1661 1810 almanach
1691 1756 1810 1807 haec
1837 1775 1936 1806 cor-

92 1849 239 1900 rectio
277 1858 438 1916 potest
476 1847 623 1899 etiam
661 1846 827 1903 omitti,
865 1866 1022 1914 quum
1062 1845 1119 1895 sit
1156 1843 1291 1911 parvi
1333 1841 1582 1893 momenti.

200 2017 285 2060 Pag.
311 2018 341 2049 4.
367 2016 427 2049 lin.
452 2024 508 2056 37.
533 2016 569 2048 Si
595 2021 709 2047 autem
743 2015 893 2046 medium
918 2025 1056 2046 cursum
1087 2014 1189 2045 lunae
1218 2013 1306 2045 scire
1340 2012 1491 2044 volneris
1523 2013 1612 2042 intra
1647 2010 1804 2041 tabulam
1837 2010 1939 2040 medii

93 2076 203 2102 motus
221 2070 294 2102 eius
311 2081 371 2101 seu
389 2069 545 2111 aequalis
563 2074 598 2100 et
615 2069 660 2100 ad
678 2068 769 2100 diem
790 2074 824 2100 et
849 2078 1002 2099 mensem
1028 2078 1128 2109 quem
1147 2067 1198 2098 vis
1223 2072 1257 2098 et
1281 2076 1460 2096 numerum
1485 2065 1581 2095 illum
1606 2064 1700 2095 adde
1726 2073 1815 2094 anno
1839 2074 1939 2104 prae-

91 2124 229 2156 cedenti
252 2123 396 2155 invento
418 2124 452 2153 in
476 2122 596 2154 tabula
621 2133 789 2153 annorum
814 2122 1054 2159 collectorum,
1087 2121 1175 2152 sicut
1199 2120 1330 2151 dictum
1356 2127 1408 2151 est
1432 2130 1537 2160 supra
1561 2119 1594 2148 in
1618 2117 1763 2160 prologo
1789 2124 1822 2147 et
1848 2117 1939 2158 quod

92 2177 296 2209 remanserit
319 2177 410 2208 infra
435 2176 478 2207 de
504 2176 611 2219 signis
635 2176 803 2219 gradibus
828 2181 862 2205 et
893 2174 1034 2205 minutis
1065 2174 1130 2205 erit
1163 2173 1296 2204 medius
1321 2178 1434 2203 motus
1459 2172 1533 2203 eius
1558 2170 1714 2211 exceptis
1740 2170 1754 2203 7
1781 2170 1882 2211 grad.
1907 2175 1941 2200 et

94 2232 135 2263 40
160 2230 302 2262 minuta.
327 2229 480 2271 Expleta
505 2235 620 2261 autem
652 2230 764 2271 prima
796 2227 1013 2259 revolutione
1044 2238 1211 2257 annorum
1237 2226 1294 2275 qui
1320 2230 1398 2256 sunt
1424 2225 1475 2263 76,
1504 2225 1597 2255 adde
1623 2234 1685 2264 pro
1710 2223 1867 2264 qualibet
1890 2232 1941 2252 se-

94 2285 213 2326 quenti
236 2285 255 2315 3
279 2283 410 2327 gradus
442 2288 476 2314 et
499 2283 566 2315 hoc
591 2283 757 2325 quamdiu
782 2283 847 2314 erit
882 2281 914 2313 8³
938 2291 1040 2324 spera
1065 2281 1098 2312 in
1130 2285 1319 2323 augmento
1351 2290 1431 2310 nam
1459 2279 1491 2309 in
1518 2277 1745 2309 diminutione
1778 2277 1848 2307 eius
1874 2286 1939 2305 non

94 2343 231 2379 oportet
255 2337 389 2368 addere
412 2335 476 2367 nisi
501 2346 603 2368 unum
627 2336 787 2379 gradum.

200 2484 317 2534 Post
353 2486 406 2543 76
444 2482 580 2533 annis
617 2482 742 2533 idest
779 2498 902 2547 27759
940 2481 1116 2533 diebus
1142 2479 1334 2531 medius
1362 2499 1532 2549 cursus
1560 2478 1702 2529 lunae
1730 2476 1942 2542 complet

96 2572 194 2619 1016
221 2567 368 2619 revol.
395 2566 468 2617 sui
495 2566 645 2618 centri
674 2577 721 2618 et
748 2566 946 2632 insuper
972 2565 1111 2631 grad.
1141 2584 1163 2614 2
1190 2564 1307 2615 min.
1338 2569 1388 2624 58
1416 2560 1483 2612 Jo''
1521 2559 1602 2617 18⁸,
1631 2561 1669 2611 si
1695 2570 1941 2626 computa-

97 2672 207 2703 mus
244 2652 374 2703 med.
405 2670 529 2702 curs,
561 2650 704 2700 unius
741 2649 836 2701 diei
875 2649 1153 2701 secundum
1194 2647 1435 2698 Arzachel
1474 2653 1532 2707 13⁰
1559 2644 1617 2695 Io'
1644 2642 1717 2709 34⁰
1744 2641 1821 2705 56'''
1847 2641 1941 2707 48''''

97 2754 152 2800 45
156 2733 193 2748 '''''
199 2778 208 2786 .
238 2735 310 2798 (In
329 2735 434 2786 cod.
461 2734 699 2785 Laurent.
728 2753 751 2784 2
778 2734 926 2785 credo
952 2733 1078 2783 male
1106 2731 1449 2798 transcriptum
1477 2750 1581 2781 esse
1608 2726 1688 2790 5o'''
1716 2747 1805 2795 pro
1830 2725 1940 2790 56''').

98 2818 343 2870 Profacius
380 2818 558 2869 indicat
596 2836 618 2879 3
656 2818 839 2884 gradus
866 2816 1137 2884 completos
1163 2815 1362 2882 quando
1390 2819 1436 2864 8⁰
1462 2812 1640 2880 sphera
1661 2821 1732 2862 est
1758 2811 1806 2861 in
1831 2829 1944 2876 aug-

98 2912 277 2958 mento,
306 2921 463 2952 unum
489 2911 680 2952 tanturn
707 2901 905 2968 quando
934 2910 1007 2951 est
1043 2899 1091 2950 in
1131 2897 1467 2953 diminutione,
1491 2907 1606 2947 tunc
1647 2895 1777 2947 enim
1814 2914 1945 2946 revo-

100 2985 214 3036 lutio
251 2985 370 3037 coeli
408 2985 644 3036 contraria
682 2995 753 3036 est
791 2984 943 3035 motui
982 2984 1140 3034 lunae,
1188 2982 1332 3033 Haec
1378 2992 1543 3032 tamen
1595 2980 1736 3031 valde
1787 2997 1943 3029 crasse

879 3118 922 3152 ι»
959 3107 1083 3148 XXV
1121 3116 1163 3150 a«
