2339 3382
410 210 479 248 tra
515 195 872 247 successionem
909 193 1183 258 signorum:
1214 211 1359 242 verus
1385 202 1551 243 autem
1578 193 1852 244 secundum
1890 194 2245 246 successionem

408 282 670 345 signorum,
710 278 772 329 ita
810 288 861 328 ut
899 276 1088 328 numeri
1127 276 1225 327 veri
1263 295 1432 325 cursus
1466 276 1609 327 lunae
1649 288 1695 327 et
1733 277 1879 329 medii
1907 297 2076 328 cursus
2102 278 2244 329 simul

407 363 596 415 conflati
635 366 741 423 360ο
780 361 1069 413 constituant
1107 360 1206 411 sive
1245 378 1284 409 12
1323 359 1473 425 signa.
1511 359 1707 420 Tabula
1745 361 1900 427 prima
1936 361 2113 412 indicat
2150 381 2245 413 me-

407 447 542 498 dium
580 466 777 497 cursum
815 446 958 496 lunae
997 455 1044 495 et
1082 464 1254 495 verum
1292 463 1492 495 cursum
1529 463 1618 510 per
1656 443 1870 511 singulos
1908 465 2059 495 annos
2102 445 2245 496 totius

363 593 367 599 .
407 530 713 582 revolutionis
751 534 803 590 76
841 548 1081 580 annorum
1120 538 1166 580 et
1203 527 1416 594 insuper,
1458 537 1510 577 ut
1548 527 1746 585 radices,
1776 528 1887 579 anni
1916 547 2026 590 1300
2055 540 2101 580 et
2128 548 2241 594 1299.

406 614 549 671 Nam,
593 613 659 664 uti
703 614 750 664 in
795 613 1060 664 canonibus
1103 611 1291 669 dicitur,
1334 631 1569 662 numerus
1611 611 1659 661 in
1703 611 1887 663 directo
1931 613 2155 664 inventus
2197 613 2245 663 in

405 699 619 751 secunda
652 698 816 749 tabula
853 697 915 747 ad
953 716 1146 747 menses
1185 706 1232 746 et
1268 696 1331 746 ad
1369 694 1472 746 dies
1510 695 1693 747 addere
1731 696 1807 747 vel
1845 696 2129 747 subtrahere
2167 697 2244 748 de-

403 784 490 835 bes
528 783 590 834 ab
630 803 687 834 eo
725 780 879 849 quiin
906 780 1062 847 prima
1099 779 1264 830 tabula
1287 779 1496 830 habetur
1522 779 1779 846 inscriptus
1817 779 1865 830 in
1901 799 2029 830 anno
2054 799 2245 846 praece-

403 867 549 919 denti.
580 865 700 931 Quo
736 865 915 917 factum
954 874 1025 915 est
1051 863 1185 931 quod
1212 863 1259 913 in
1286 883 1414 914 anno
1441 881 1551 924 1300
1577 863 1767 915 numeri
1794 864 1857 915 ad
1885 883 2079 915 menses
2109 873 2155 915 et
2181 864 2244 914 ad

404 952 505 1003 dies
531 950 643 1001 addi
671 950 747 1001 vel
786 947 1002 999 subtrahi
1041 948 1225 999 debent
1262 968 1290 997 a
1328 947 1489 999 radice
1527 947 1637 998 anni
1677 966 1791 1012 1299.
1832 947 2061 1004 Habetur
2100 958 2147 999 et
2183 958 2244 998 ta-

403 1036 518 1086 bula
555 1033 812 1086 latitudinis
850 1033 992 1083 lunae
1030 1031 1078 1082 in
1115 1051 1213 1099 qua
1249 1031 1452 1082 intratur
1489 1050 1578 1098 per
1615 1031 1752 1098 signa
1790 1042 1837 1083 et
1875 1032 2071 1099 gradus.
2118 1031 2243 1082 Lati-

403 1120 521 1170 tudo
559 1116 942 1186 septentrionalis
980 1127 1051 1168 est
1088 1115 1136 1166 in
1175 1115 1322 1183 signis
1359 1134 1406 1173 o,
1448 1135 1476 1172 1,
1517 1134 1553 1173 2,
1595 1133 1630 1177 3,
1668 1137 1713 1180 4,
1749 1132 1797 1176 5:
1836 1115 2158 1167 meridionalis
2195 1115 2243 1166 in

403 1203 609 1271 reliquis.
651 1203 1025 1270 Argumentum
1063 1199 1322 1251 latitudinis
1358 1199 1503 1251 lunae
1541 1219 1630 1266 per
1668 1220 1718 1250 se
1757 1210 1827 1251 est
1865 1219 2005 1250 arcus
2042 1198 2272 1267 longituu>

402 1287 538 1339 dinis.
580 1285 715 1338 Cum
739 1296 905 1337 autem
931 1285 1130 1336 denotet
1158 1293 1398 1351 quantum
1436 1282 1580 1334 distet
1618 1284 1730 1334 luna
1766 1304 1794 1334 a
1821 1283 1978 1350 capite
2006 1282 2241 1340 draconis,

401 1393 429 1422 a
466 1370 715 1422 latitudine
753 1388 952 1437 quoque
990 1367 1226 1434 dependit
1254 1378 1301 1417 et
1330 1386 1440 1418 eam
1466 1366 1736 1433 significare
1772 1377 1942 1434 potest,
1971 1366 2243 1419 dummodo

401 1456 567 1507 tabula
603 1454 850 1521 quaedam
886 1453 1068 1520 gradus
1105 1451 1545 1518 correspondentes
1582 1450 1775 1503 indicet.

784 1684 917 1720 Modus
935 1683 1116 1732 faciendi
1140 1684 1281 1718 tabulas
1308 1684 1609 1731 argumentorum
1637 1684 1857 1729 equatorum.

507 1789 593 1832 Pag.
620 1792 649 1827 6,
674 1789 731 1820 lin.
757 1799 805 1829 μ.
831 1787 1034 1819 Notandum
1059 1787 1155 1829 quod
1180 1786 1328 1828 expletis
1352 1787 1478 1818 tabulis
1509 1787 1704 1830 argumenti
1736 1788 1798 1819 294
1832 1787 1997 1819 mensium
2022 1788 2237 1820 luminarium

398 1841 454 1882 qui
478 1846 555 1871 sunt
581 1841 621 1871 24
646 1840 726 1871 anni
751 1845 784 1870 et
809 1840 827 1870 6
853 1848 1000 1877 menses,
1025 1839 1081 1880 qui
1107 1844 1186 1869 sunt
1201 1848 1319 1870 omnes
1337 1838 1475 1869 lunares
1492 1838 1585 1870 adde
1602 1848 1709 1879 super
1727 1844 1966 1881 argumentum
1984 1839 2086 1871 lunae
2103 1840 2145 1870 30
2161 1850 2241 1881 gra-

398 1892 462 1922 dus
478 1891 549 1922 sive
571 1892 582 1921 l
602 1891 748 1933 signum,
772 1890 819 1921 ita
837 1890 931 1932 quod
955 1890 982 1921 si
1006 1895 1084 1921 sunt
1108 1892 1126 1920 2
1152 1899 1241 1931 pone
1266 1890 1297 1927 3,
1321 1889 1348 1920 si
1373 1891 1391 1921 3
1410 1900 1499 1930 pone
1517 1891 1535 1921 4
1562 1895 1595 1921 et
1617 1889 1666 1921 sic
1684 1890 1727 1921 de
1745 1890 1818 1921 aliis
1837 1896 1870 1921 et
1887 1890 2041 1922 invenies
2058 1901 2240 1933 argumen-

398 1949 468 1974 tum
487 1948 649 1984 equatum
666 1942 712 1973 ad
729 1942 815 1973 alios
840 1942 902 1972 294
921 1951 1055 1972 menses
1073 1946 1107 1971 et
1123 1940 1172 1972 sic
1188 1951 1328 1981 semper
1352 1940 1444 1972 adde
1469 1951 1576 1983 usque
1601 1941 1647 1972 ad
1668 1941 1705 1972 12
1723 1941 1969 1979 revolutiones,
1994 1952 2084 1984 quae
2107 1941 2240 1974 faciunt

397 2004 504 2025 annos
530 1994 668 2025 lunares
693 1994 756 2025 294
782 1998 815 2024 et
840 1998 920 2025 tunc
944 1991 1109 2023 redibunt
1132 1991 1274 2023 tabulae
1299 1992 1345 2023 ad
1367 1992 1481 2024 locum
1505 1992 1662 2034 primum,
1687 2003 1754 2024 uno
1778 1998 1911 2024 tantum
1935 1993 2050 2035 gradu
2074 1999 2237 2035 excepto:

397 2045 488 2076 adde
520 2055 604 2087 ergo
636 2046 647 2076 l
680 2054 732 2086 gr.
757 2050 789 2075 et
814 2043 959 2075 habebis
984 2049 1224 2085 argumentum
1250 2048 1413 2084 equatum
1438 2043 1483 2074 ad
1507 2043 1595 2074 alios
1620 2044 1683 2075 294
1709 2049 1742 2074 et
1767 2044 1815 2075 sic
1840 2054 1978 2085 semper
2002 2044 2237 2085 procedendo.

503 2095 665 2127 Similiter
688 2101 824 2137 oportet
841 2094 935 2137 quod
953 2094 1149 2126 subscribas
1167 2104 1345 2126 numerum
1362 2094 1487 2125 mensis
1505 2093 1628 2125 solaris
1646 2100 1752 2136 quota
1771 2094 1827 2126 die
1843 2094 1947 2126 intrat
1963 2094 1997 2125 in
2015 2105 2091 2126 eum
2109 2095 2235 2127 mensis

397 2147 524 2178 lunaris
556 2152 592 2178 ut
620 2146 681 2178 tibi
709 2146 751 2177 sit
780 2146 917 2177 facilius
942 2146 1095 2177 invenire
1119 2145 1213 2187 quod
1237 2145 1426 2178 desideras.
1452 2144 1509 2176 Ad
1534 2145 1600 2176 hoc
1624 2155 1707 2188 ergo
1730 2145 1907 2180 sciendum
1933 2145 2024 2177 adde
2048 2156 2152 2188 super
2175 2156 2237 2177 nu-

396 2209 526 2229 merum
549 2197 734 2229 cuiuslibet
758 2197 865 2229 feriae
890 2199 909 2228 2
935 2202 967 2227 et
992 2196 1138 2228 habebis
1162 2196 1253 2227 diem
1276 2196 1309 2227 in
1335 2207 1404 2238 qua
1429 2197 1533 2228 intrat
1555 2196 1680 2228 mensis
1707 2197 1835 2228 lunaris
1863 2196 2023 2236 solarem,
2048 2197 2095 2228 ita
2123 2202 2237 2228 tamen

397 2249 489 2290 quod
511 2249 544 2279 in
568 2249 730 2280 addendo
754 2259 933 2280 numerum
959 2248 1194 2289 septenarium
1218 2257 1285 2278 non
1309 2247 1467 2285 excedat,
1484 2247 1545 2278 sed
1569 2247 1596 2278 si
1622 2248 1756 2288 precise
1773 2245 1859 2279 ‘eum
1883 2246 2046 2279 habueris
2069 2247 2192 2286 scribe,
2209 2247 2236 2279 si

396 2300 512 2341 plures
536 2300 749 2332 excreverint
774 2299 882 2331 abiice
910 2299 939 2336 7,
963 2298 1136 2330 residuum
1160 2298 1349 2345 retinendo.

501 2424 726 2476 Tabulae
763 2424 963 2476 Profacii
1001 2446 1029 2476 a
1066 2445 1113 2476 22
1152 2424 1318 2476 Martii
1354 2442 1463 2487 1300
1502 2426 1776 2493 procedunt
1811 2445 1968 2494 usque
2004 2426 2067 2478 ad
2103 2425 2235 2477 diem

395 2516 448 2561 28
490 2510 668 2560 mensis
713 2509 956 2560 Decemb.
1003 2528 1125 2571 1323;
1173 2502 1563 2577 complectuntur
1608 2509 1754 2577 igitur
1798 2509 1902 2562 dies
1945 2513 2059 2561 8682
2103 2510 2234 2572 (nam

396 2597 472 2655 365
493 2610 525 2645 ><
549 2612 606 2657 24
626 2616 660 2642 ÷
681 2610 701 2654 5
722 2592 916 2644 bissext.
940 2625 975 2629 —
997 2611 1018 2654 3
1039 2594 1086 2644 d.
1110 2593 1236 2645 Dec.
1259 2626 1295 2630 —
1315 2612 1354 2655 31
1370 2593 1474 2657 Jan.
1491 2627 1526 2630 —
1547 2599 1599 2644 28
1618 2593 1768 2646 Febr.
1783 2626 1819 2631 —
1839 2613 1878 2644 21
1899 2592 2048 2645 Mart.
2071 2622 2108 2633 =
2127 2596 2232 2654 8765

395 2709 430 2712 -
451 2682 503 2738 83
523 2707 559 2716 =
579 2678 708 2739 8682)
735 2676 910 2728 scilicet
937 2696 1023 2742 294
1050 2677 1320 2728 lunationes
1347 2678 1571 2741 (alternis,
1604 2696 1660 2739 30
1687 2678 1862 2730 diebus
1892 2688 1937 2729 et
1964 2696 2016 2741 29
2044 2676 2233 2739 diebus)
2259 2698 2262 2700 ’

396 2771 441 2811 et
475 2759 577 2811 dies
609 2779 651 2825 9.
692 2760 818 2811 Sunt
851 2781 968 2828 ergo
993 2760 1336 2813 hebdomadae
1363 2780 1472 2826 1240
1507 2772 1554 2813 et
1587 2761 1688 2812 duo
1721 2762 1850 2813 dies:
1885 2772 1931 2812 et
1964 2771 2075 2828 post
2107 2760 2233 2811 hanc

394 2843 744 2895 revolutionem
771 2844 1026 2895 exordium
1058 2844 1310 2896 lunationis
1347 2845 1542 2896 duobus
1578 2845 1703 2897 feriis
1741 2845 1924 2897 tardius
1960 2843 2097 2896 redit.
2138 2844 2232 2895 Ar-

393 2937 686 2992 gumentum
713 2938 878 2980 autem
903 2927 1062 2980 differt
1089 2947 1145 2991 30
1171 2928 1406 2996 gradibus
1429 2939 1512 2979 aut
1545 2948 1643 2980 uno
1673 2929 1824 2996 signo.
1859 2928 1991 2980 Hinc
2015 2927 2232 2995 sequitur

1169 3064 1215 3098 &2-
1250 3054 1373 3095 XXX
1407 3063 1453 3097 ἧς
