2339 3382
163 2473 242 2493 JJOAX'HS
265 2472 369 2498 sacimdc

186 2500 275 2519 tabulas
294 2507 368 2525 mil-'¹³'

188 2530 244 2545 meu!
252 2532 264 2545 o
272 2533 284 2545 r
292 2534 304 2545 η
311 2534 330 2546 m
349 2534 368 2546 ι’-

186 2556 311 2578 qualorum.

398 185 565 225 precessit
600 194 701 225 quam
737 183 788 213 sol
812 182 976 214 subtrahe
1013 182 1249 214 differentiam
1275 192 1351 212 cum
1383 183 1418 212 12
1444 192 1463 212 a
1488 182 1566 212 loco
1601 181 1681 212 lune
1720 188 1752 212 et
1788 183 1825 212 12
1851 186 1982 212 tantum
2015 192 2035 212 a
2058 181 2135 212 loco
2157 181 2239 212 solis

397 248 430 272 et
454 242 547 283 quod
572 239 774 271 remanserit
799 245 877 280 post
901 239 1170 271 subtractionem
1196 239 1249 269 uel
1274 238 1493 270 addicionem
1518 238 1711 279 predictam
1736 239 1798 269 erit
1822 248 1922 270 uerus
1948 239 2045 269 locus
2079 238 2239 269 coniunc-

397 299 496 329 tionis
520 298 575 329 uel
599 296 832 338 preuentionis
868 297 960 339 quod
1002 303 1097 337 patet
1132 307 1193 337 per
1226 296 1690 338 uniformitatenrgraduum
1716 296 1921 327 minutorum
1946 296 2175 326 secundorum
2207 301 2239 326 et

396 356 571 397 signorum
596 355 628 384 in
652 353 906 391 coniunctione,
931 364 992 395 per
1018 354 1216 385 distantiam
1242 363 1325 385 vero
1353 353 1368 387 7
1394 353 1426 383 in
1452 353 1680 394 oppositione.

397 413 464 497 SI
490 412 602 443 locum
627 411 750 452 capitis
783 411 942 442 draconis
967 411 1158 443 secundum
1190 411 1261 442 eius
1293 417 1421 442 motum
1459 410 1608 442 medium
1644 411 1701 442 uel
1736 411 1893 453 equalem
1925 410 2079 442 inuenire
2109 410 2239 451 placuit

465 470 552 501 intra
577 468 713 501 tabulas
738 468 809 500 eius
834 469 879 499 ad
904 468 996 500 diem
1022 475 1056 500 et
1080 479 1231 500 mensem
1257 479 1359 510 quem
1395 467 1543 499 uolueris
1579 468 1787 509 accipiendo
1810 468 1895 500 illud
1920 468 2011 510 quod
2043 468 2076 498 in
2108 467 2239 498 directo

394 528 466 558 eius
492 532 543 558 est
568 533 602 558 et
627 526 718 557 adde
744 526 809 557 hoc
834 537 975 558 numero
999 527 1140 557 inuento
1164 527 1198 556 in
1223 526 1356 557 directo
1381 525 1459 556 anni
1482 525 1704 566 precedentis
1729 531 1763 556 et
1786 525 1928 558 habebis
1954 526 2069 556 locum
2093 525 2164 556 eius
2187 535 2239 555 se-

393 585 544 616 cundum
569 589 697 615 motum
730 583 890 625 equalem
916 593 984 625 quo
1019 589 1100 614 tunc
1136 583 1262 614 utimur
1286 584 1320 613 in
1353 582 1479 613 tabulis
1511 582 1593 614 istis.
1617 581 1660 626 Ε
1683 582 1718 613 Si
1742 588 1859 614 autem
1883 583 1969 614 uelis
1999 583 2088 613 scire
2120 592 2239 612 uerum

394 644 505 674 locum
530 642 654 683 capitis
677 642 844 673 subtrahe
871 641 913 672 ab
938 651 1028 672 anno
1052 641 1140 672 illud
1172 641 1266 683 quod
1290 640 1523 672 mandabatur
1547 640 1629 672 addi
1654 640 1697 671 de
1723 640 1847 671 diebus
1883 646 1917 671 et
1953 640 2098 672 habebis
2126 640 2238 671 locum

331 707 347 724 ¹-
395 701 464 731 eius
489 710 620 731 uerum.
653 700 656 739 Ι
688 698 731 742 ([
754 698 789 730 Si
816 705 930 730 autem
965 699 1016 730 uis
1040 699 1127 730 scire
1152 699 1368 730 latitudinem
1404 698 1483 729 lune
1519 698 1645 730 cotidie
1670 698 1742 729 siue
1775 697 1975 729 distantiam
1999 697 2070 728 eius
2099 708 2118 728 a
2149 697 2240 727 nodo

398 757 523 797 capitis
559 757 728 798 predicto,
762 757 853 788 scias
891 762 1020 787 motum
1056 757 1127 787 eius
1165 756 1323 798 equalem
1360 756 1404 787 ad
1441 756 1532 787 diem
1557 767 1659 798 quem
1684 755 1755 792 uis3
1792 755 1917 787 deinde
1943 755 2034 786 adde
2059 765 2137 786 eum
2161 754 2240 785 loco

395 815 473 846 lune
506 815 550 846 ad
575 815 666 846 diem
691 814 848 845 eamdem
871 814 1011 845 inuento
1037 819 1070 844 et
1095 814 1188 855 quod
1212 813 1293 845 inde
1317 813 1434 851 exibit,
1459 813 1522 844 erit
1546 818 1787 855 argumentum
1812 813 2002 844 latitudinis
2025 813 2117 844 lune.
2147 812 2240 844 Intra

394 883 479 916 ergo
514 883 592 904 cum
628 872 693 904 hoc
719 878 926 915 argumento
959 871 992 901 in
1024 871 1178 902 tabulam
1215 871 1405 902 latitudinis
1435 871 1513 902 lune
1538 871 1718 912 querendo
1747 871 1963 902 consimilem
1995 880 2175 901 numerum
2199 870 2241 900 si-

393 941 539 973 gnorum
567 931 600 961 in
623 929 729 972 signis
754 929 876 971 positis
899 929 963 960 sub
996 929 1052 960 uel
1083 939 1188 970 supra
1212 928 1391 970 querendo
1416 928 1519 959 etiam
1551 929 1763 960 consimilem
1799 939 1978 959 numerum
2002 928 2176 971 graduum
2207 927 2239 957 in

394 989 483 1020 linea
507 988 638 1019 numeri
663 987 834 1030 graduum
870 987 918 1017 eis
952 986 1187 1027 respondente
1216 986 1440 1018 ascendendo
1476 996 1543 1028 que
1578 985 1787 1027 respondent
1811 986 1918 1030 signis
1942 985 2160 1017 inferioribus
2184 985 2239 1015 uel

394 1046 642 1078 descendendo
668 1056 734 1087 que
759 1044 974 1086 respondent
1009 1044 1115 1086 signis
1151 1043 1383 1085 superioribus
1415 1049 1450 1075 et
1474 1044 1569 1085 quod
1601 1043 1634 1074 in
1659 1044 1791 1076 directo
1826 1043 1860 1074 in
1884 1043 1991 1085 signis
2015 1048 2050 1074 et
2074 1042 2239 1085 gradibus

393 1103 564 1135 inueneris
593 1103 656 1134 erit
684 1103 831 1134 latitudo
856 1102 946 1133 lune.
983 1100 1050 1133 Per
1075 1102 1211 1143 signum
1237 1102 1340 1132 etiam
1364 1101 1453 1133 scire
1477 1101 1607 1143 poteris
1637 1108 1751 1132 utrum
1775 1101 1838 1132 hec
1863 1100 2013 1132 latitudo
2037 1100 2079 1131 sit
2103 1105 2240 1141 septen-

395 1161 549 1193 trionalis
572 1162 628 1192 uel
653 1160 896 1192 meridionalis.

455 1218 596 1260 Clipsirn
620 1219 700 1249 lune
731 1218 757 1249 si
790 1218 940 1249 finaliter
964 1217 1053 1248 scire
1079 1217 1257 1248 desideras
1279 1217 1360 1248 uide
1393 1217 1419 1248 si
1452 1217 1639 1258 prevencio
1672 1217 1743 1248 eius
1773 1222 1825 1248 est
1857 1218 1900 1248 de
1932 1222 2036 1248 nocte
2061 1222 2094 1247 et
2133 1221 2238 1258 quota

468 1277 553 1308 hora
585 1282 619 1308 et
650 1281 749 1317 parte
774 1275 858 1306 hore
881 1275 985 1306 distet
1010 1286 1029 1305 a
1054 1275 1212 1306 meridie.
1249 1274 1340 1305 Nam
1371 1274 1397 1306 si
1434 1280 1484 1306 est
1513 1281 1594 1306 ante
1620 1275 1800 1306 meridiem
1832 1273 2001 1305 subtrahe
2026 1284 2045 1304 a
2070 1273 2149 1304 loco
2181 1283 2239 1304 ca-

394 1335 474 1376 pitis
498 1334 614 1376 equali
638 1343 701 1374 pro
727 1332 886 1375 qualibet
909 1333 995 1363 hora
1021 1333 1038 1363 8
1063 1332 1228 1370 secunda,
1253 1332 1334 1373 quia
1359 1338 1491 1363 tantum
1516 1338 1674 1363 mouetur
1697 1332 1732 1362 in
1755 1343 1823 1363 una
1848 1331 1943 1363 hora.
1969 1330 2006 1362 Si
2030 1337 2144 1362 autem
2160 1336 2237 1372 post

385 1392 581 1430 meridiem,
605 1391 697 1422 adde
723 1391 752 1422 ei
776 1401 838 1432 pro
864 1390 1017 1432 qualibet
1042 1390 1127 1421 hora
1154 1391 1170 1421 8
1196 1390 1350 1421 secunda
1374 1396 1407 1421 et
1425 1390 1568 1422 habebis
1586 1400 1707 1420 uerum
1725 1390 1839 1421 locum
1864 1388 2022 1430 equalem
2041 1388 2085 1419 ad
2102 1393 2237 1428 tempus

392 1460 474 1482 uere
501 1449 726 1491 oppositionis
750 1449 828 1496 lune
852 1447 996 1479 habebis
1029 1448 1153 1478 iterum
1177 1453 1419 1490 argumentum
1452 1447 1640 1478 latitudinis
1666 1447 1711 1478 ad
1743 1452 1879 1488 tempus
1903 1445 2053 1487 eclipsis.
2079 1444 2184 1481 Quod
2208 1445 2236 1475 si

391 1508 482 1540 istud
518 1513 759 1550 argumentum
785 1512 837 1537 est
862 1506 971 1536 minus
997 1506 1039 1536 de
1063 1507 1083 1537 0
1115 1506 1150 1536 in
1181 1505 1289 1548 signis
1314 1511 1348 1536 et
1376 1506 1410 1536 ll
1437 1506 1471 1536 in
1495 1505 1660 1548 gradibus
1701 1510 1735 1536 et
1759 1506 1800 1536 40
1825 1504 1956 1535 minuta
1988 1503 2044 1534 uel
2076 1503 2185 1534 minus
2217 1505 2235 1533 2

391 1567 489 1609 signa
515 1571 548 1597 et
576 1566 612 1596 18
638 1564 769 1607 gradus
794 1570 828 1596 et
857 1564 893 1594 18
921 1563 1051 1594 minuta
1076 1563 1132 1594 uel
1157 1562 1266 1594 maius
1294 1563 1311 1594 5
1336 1562 1441 1604 signis
1470 1563 1506 1594 18
1533 1563 1632 1605 grad.
1657 1568 1691 1593 et
1720 1563 1756 1593 18
1782 1562 1862 1593 min.
1887 1562 1942 1592 uel
1960 1561 2070 1601 minus
2088 1563 2105 1592 o
2130 1560 2236 1603 signis

395 1625 427 1655 ll
456 1623 555 1666 grad.
581 1628 615 1654 et
640 1624 681 1653 40
706 1622 788 1652 min.
813 1620 1023 1662 impossibile
1049 1626 1100 1652 est
1125 1620 1197 1651 fieri
1221 1620 1376 1662 eclipsim
1402 1620 1491 1651 lune.
1529 1620 1621 1651 Intra
1646 1630 1730 1662 ergo
1755 1630 1832 1651 cum
1856 1620 1922 1650 isto
1958 1623 2164 1662 argumento
2188 1624 2237 1648 ta-

391 1682 508 1713 bulam
532 1681 712 1722 eclipsium
737 1680 816 1710 lune
843 1685 875 1710 et
900 1689 1007 1720 quere
1024 1679 1057 1709 in
1075 1684 1175 1719 parte
1192 1678 1359 1720 superiori
1385 1684 1436 1709 tot
1461 1678 1559 1721 signa
1585 1684 1669 1720 quot
1692 1677 1802 1709 habes
1825 1677 1859 1707 in
1884 1682 2104 1720 argument03
2130 1686 2236 1718 quere

393 1740 496 1771 etiam
520 1749 700 1771 numerum
724 1737 897 1780 graduum
922 1742 957 1768 et
982 1736 1190 1768 minutorum
1216 1735 1427 1767 consimilem
1454 1736 1488 1766 in
1513 1736 1646 1767 directo
1671 1735 1734 1767 sub
1759 1735 1859 1777 signo
1885 1735 1978 1776 quod
2002 1734 2109 1765 habes
2125 1733 2159 1764 in
2183 1744 2235 1764 ar-

392 1802 556 1840 gumento
581 1802 615 1827 et
638 1795 791 1826 inuenies
816 1795 851 1825 in
875 1794 1007 1825 directo
1032 1794 1121 1825 illius
1146 1804 1325 1825 numerum
1351 1793 1538 1836 digitorum
1556 1793 1691 1834 eclipsis
1716 1793 1874 1824 diametri
1890 1793 1970 1823 lune
1993 1798 2028 1824 et
2052 1792 2158 1823 etiam
2175 1801 2235 1822 nu-

393 1865 521 1886 merum
547 1854 752 1885 minutorum
777 1858 810 1884 et
833 1852 1064 1883 secundorum
1090 1851 1256 1893 temporis
1289 1857 1399 1883 motus
1422 1851 1500 1882 lune
1534 1863 1553 1882 a
1578 1850 1748 1892 principio
1772 1850 1914 1891 eclipsis
1943 1850 2024 1881 lune
2049 1860 2158 1891 usque
2190 1849 2235 1879 ad

394 1912 615 1944 medietatem
641 1911 723 1949 eius,
749 1921 817 1952 quo
842 1910 998 1951 duplam,
1030 1909 1175 1941 habebis
1200 1915 1309 1940 totum
1333 1915 1469 1950 tempus
1494 1919 1514 1940 a
1538 1908 1709 1950 principio
1745 1908 1885 1948 eclipsis
1910 1918 2018 1950 usque
2049 1907 2095 1938 ad
2122 1907 2234 1937 finem.

394 1969 436 2013 (Ε
452 1969 545 2001 Hore
570 1979 717 2010 namque
740 1968 774 1998 in
799 1978 881 1998 uera
906 1967 1124 2008 oppositione
1159 1967 1298 1998 inuente
1333 1972 1411 1998 sunt
1439 1976 1548 2008 usque
1581 1966 1626 1997 ad
1657 1966 1880 1997 medietatem
1905 1965 2056 2007 eclipsis.
2092 1964 2127 1996 Si
2152 1974 2235 2006 ergo

395 2037 553 2058 numerus
570 2036 670 2057 casus
686 2026 775 2057 idest
791 2025 1010 2057 obscuritatis
1036 2024 1219 2056 subtrahas
1237 2024 1280 2056 ab
1298 2025 1392 2056 horis
1409 2024 1504 2066 prius
1527 2024 1686 2062 inuentis,
1702 2023 1847 2055 habebis
1865 2023 2071 2065 principium
2089 2022 2235 2063 eclipsis,

395 2085 422 2115 si
439 2084 616 2116 addideris
632 2083 774 2115 habebis
792 2083 904 2114 finem.
929 2083 1090 2114 Inuenies
1108 2082 1212 2114 etiam
1231 2082 1361 2113 minuta
1378 2088 1411 2112 et
1428 2082 1583 2113 secunda
1597 2081 1729 2113 dimidii
1746 2091 1840 2112 more
1857 2081 1947 2112 idest
1963 2080 2051 2111 illius
2069 2080 2236 2121 temporis

396 2152 464 2184 quo
481 2142 561 2173 luna
578 2141 698 2172 transit
715 2151 825 2182 usque
843 2141 887 2171 ad
904 2140 1023 2172 umbre
1042 2140 1190 2171 medium
1215 2140 1286 2170 siue
1312 2140 1483 2182 dyametri
1498 2152 1505 2176 3
1531 2140 1672 2181 duplica
1690 2139 1776 2170 illud
1800 2145 1834 2171 et
1858 2138 2002 2170 habebis
2020 2138 2092 2169 eius
2108 2137 2235 2169 exitum

396 2200 441 2231 ab
465 2200 597 2231 umbra.
620 2199 720 2231 Luna
745 2198 834 2229 enim
857 2198 890 2228 in
915 2198 1032 2239 eclipsi
1058 2197 1260 2239 particulari
1284 2198 1389 2229 habet
1406 2203 1476 2228 tres
1493 2203 1614 2234 status,
1642 2197 1786 2228 scilicetv
1804 2201 2025 2239 augmentum
2050 2201 2177 2227 statum
2202 2200 2235 2225 et

348 2276 354 2283 ·
397 2257 673 2290 declinationem.
699 2256 738 2287 In
763 2256 947 2287 universali
972 2261 1088 2287 autem
1112 2255 1216 2287 habet
1242 2255 1280 2286 5:
1305 2256 1416 2296 primo
1437 2258 1440 2293 Ι
1462 2261 1684 2298 augmentum
1713 2254 1909 2286 successiue
1934 2252 2164 2290 obscuritatis,
2184 2263 2237 2283 se-

397 2315 510 2347 cundo
535 2314 741 2356 completam
766 2314 1013 2345 obscuritatem
1047 2324 1125 2345 cum
1157 2318 1250 2344 motu
1279 2313 1350 2344 eius
1374 2323 1484 2354 usque
1517 2313 1563 2344 ad
1595 2313 1813 2355 dyametrum
1837 2312 1975 2348 umbre3
1994 2312 2028 2342 30
2051 2316 2179 2342 statum
2202 2310 2234 2340 in

398 2373 598 2416 dyametro3
617 2375 650 2403 4⁰
667 2377 777 2402 motus
803 2372 915 2402 exitus
940 2370 1078 2407 umbre;
1106 2371 1138 2401 5Ο
1170 2370 1300 2402 exitum
1318 2370 1362 2401 ab
1380 2369 1502 2401 umbra
1518 2381 1623 2412 usque
1641 2370 1686 2401 ad
1710 2370 1920 2411 completam
1938 2368 2236 2410 recuperationem

398 2431 544 2462 luminis.
570 2430 653 2461 Post
675 2440 778 2461 unam
804 2435 919 2460 autem
949 2428 1104 2470 eclipsim
1122 2428 1265 2459 alicuius
1290 2428 1505 2459 luminarium
1530 2437 1599 2459 non
1623 2433 1759 2469 oportet
1783 2433 1816 2458 te
1841 2427 2001 2458 laborare
2026 2426 2087 2457 nisi
2111 2431 2198 2467 post.
2216 2426 2235 2455 6

398 2498 531 2520 menses
544 2497 606 2529 pro
624 2486 741 2528 eclipsi
759 2486 913 2518 eiusdem
928 2486 1117 2518 luminaris.
1141 2484 1344 2517 Notandum
1362 2486 1455 2527 quod
1473 2485 1620 2527 expletis
1638 2485 1763 2517 tabulis
1781 2484 1978 2528 argumenti
1992 2485 2053 2516 294
2069 2483 2235 2515 mensium

397 2545 567 2576 lunarium
592 2544 648 2586 qui
672 2550 752 2575 sunt
777 2546 816 2574 24
842 2549 876 2574 et
901 2544 919 2574 ὁ
944 2553 1077 2574 menses
1111 2543 1167 2584 qui
1201 2548 1279 2574 sunt
1313 2552 1430 2574 omnes
1460 2543 1598 2573 lunares
1632 2543 1722 2574 adde
1754 2552 1859 2583 super
1883 2546 2122 2583 argumentum
2155 2540 2235 2570 lune

398 2604 439 2633 30
464 2603 593 2644 gradus
616 2602 686 2633 siue
716 2603 727 2632 l
755 2601 900 2643 siguum,
925 2601 973 2632 ita
997 2601 1091 2643 quod
1115 2600 1144 2631 si
1168 2606 1244 2632 sunt
1269 2602 1286 2631 2
1314 2610 1406 2641 pone
1431 2601 1461 2637 3,
1486 2600 1512 2631 si
1537 2602 1555 2632 3
1580 2610 1670 2641 pone
1695 2602 1713 2631 4
1740 2599 1838 2631 etsie
1857 2599 1900 2631 de
1924 2598 2002 2630 aliis
2027 2604 2061 2629 et
2084 2595 2236 2628 inuenies

397 2666 637 2702 argumentum
672 2665 837 2700 equatum
861 2659 906 2689 ad
931 2659 1015 2690 alios
1040 2660 1102 2690 294
1128 2668 1263 2689 menses
1295 2663 1328 2688 et
1360 2657 1410 2689 sic
1434 2668 1572 2699 semper
1607 2658 1699 2689 adde
1724 2668 1832 2699 usque
1861 2657 1906 2688 ad
1942 2657 1978 2687 12
2003 2655 2235 2686 reuolutiones
2265 2692 2268 2695 Ι

399 2729 464 2759 que
490 2717 618 2748 faciunt
656 2728 763 2748 annos
799 2717 936 2748 lunares
963 2717 1024 2748 294
1059 2722 1092 2747 et
1117 2722 1197 2747 tunc
1222 2715 1385 2746 redibunt
1423 2715 1542 2747 tabule
1578 2715 1624 2746 ad
1660 2716 1774 2747 locum
1809 2715 1969 2756 primum,
2004 2723 2071 2744 uno
2103 2719 2236 2744 tantum

399 2775 510 2816 gradu
534 2781 703 2815 excepto:
732 2773 819 2805 adde
844 2784 927 2815 ergo
951 2785 1053 2804 unum
1079 2773 1227 2816 gradum
1256 2779 1290 2804 ct
1318 2773 1463 2804 habebis
1487 2779 1728 2814 argumentum
1754 2779 1920 2814 equatum
1944 2771 1988 2802 ad
2013 2771 2097 2802 alios
2115 2771 2177 2802 294
2202 2775 2236 2801 et

398 2832 446 2862 sic
471 2842 605 2872 semper
629 2832 866 2872 procedendo.
890 2833 931 2868 (L
956 2831 1120 2861 Similiter
1144 2836 1281 2872 oportet
1306 2831 1399 2872 quod
1422 2830 1618 2862 subscribas
1643 2841 1822 2861 numerum
1847 2829 1969 2860 mensis
1993 2829 2113 2860 solaris
2131 2833 2236 2870 quota

399 2889 453 2920 dic
478 2889 580 2918 intrat
604 2889 636 2918 in
661 2900 737 2919 eum
764 2889 890 2920 mensis
916 2889 1047 2919 lunaris
1072 2894 1108 2919 ut
1132 2888 1193 2919 tibi
1217 2888 1260 2918 sit
1284 2888 1423 2919 facilius
1448 2888 1601 2928 inuenire
1627 2888 1719 2929 quod
1745 2888 1934 2919 desideras.
1975 2884 2032 2917 Ad
2063 2886 2128 2917 hoc
2153 2895 2236 2927 ergo

398 2946 575 2977 sciendum
601 2945 692 2976 adde
727 2956 831 2987 super
866 2956 1045 2976 numerum
1070 2945 1256 2976 cuiuslibet
1281 2944 1363 2976 ferie
1389 2948 1406 2975 2
1434 2950 1467 2975 et
1502 2944 1647 2976 habebis
1683 2945 1774 2976 diem
1810 2945 1844 2976 in
1880 2955 1949 2986 qua
1974 2944 2079 2974 intrat
2114 2943 2236 2974 mensis

1225 3029 1409 3080 θόρε
