2339 3478
504 263 590 292 ltem
616 266 772 292 centrum
798 258 984 290 excentrici
1008 258 1088 288 lune
1112 262 1270 288 mouetur
1288 256 1381 287 circa
1398 260 1556 286 centrum
1574 260 1663 285 terre
1681 255 1713 285 in
1731 254 1883 296 quodam
1902 252 2034 284 circulo
2051 260 2160 292 paruo
2178 251 2268 282 omni

416 316 471 346 die
496 325 546 355 gr.
577 314 609 343 ll
639 318 672 343 et
696 313 777 343 min.
806 314 841 343 ll
871 321 991 342 versus
1018 309 1184 341 orientem
1209 308 1350 339 trahens
1375 317 1493 338 secum
1519 316 1645 347 augem
1671 306 1871 337 deferentis.

505 366 549 395 Et
573 370 678 405 caput
703 364 864 395 draconis
890 368 1047 393 mouetur
1072 361 1163 392 omni
1188 361 1243 392 die
1268 370 1387 392 versus
1413 358 1632 390 occidentem
1657 359 1676 388 3
1710 369 1751 389 m.
1785 359 1871 388 fere.

804 534 847 577 <t
868 527 1036 592 Super
1069 525 1291 576 tabulam
1320 543 1569 575 annorum
1609 523 1913 574 collectorum

914 615 1007 664 sub
1045 614 1215 663 radice
1252 613 1311 662 de
1338 611 1600 662 addicz'one
1620 629 1698 675 gr.
1729 625 1772 672 3.

498 737 574 768 nnis
599 737 659 778 hijs
684 735 866 776 completis
892 735 1026 766 scilicet
1050 735 1147 765 annis
1173 734 1327 765 collectis
1352 733 1454 764 medii
1480 738 1591 763 motus
1626 732 1700 763 scil.
1726 732 1766 765 76)
1791 731 1882 762 adde
1907 731 1983 761 loco
2009 730 2088 760 lune
2113 729 2132 759 3
2158 738 2209 769 gr.
2242 733 2276 758 et

418 741 491 819 Α
519 789 673 819 inuenies
698 797 805 819 annos
831 794 975 828 equatos
1001 787 1046 818 ad
1070 787 1157 818 alios
1186 787 1224 820 76
1250 796 1358 817 annos
1383 791 1417 816 et
1440 785 1488 816 sic
1515 785 1568 816 fac
1593 794 1732 824 semper
1757 789 1791 815 et
1815 783 1882 814 hoc
1907 782 2039 813 tamdiu
2064 779 2219 822 quandiu
2244 778 2277 810 8a

419 852 521 882 spera
548 847 598 871 est
623 841 656 871 in
681 840 875 871 crescendo
901 846 934 870 et
959 845 1082 880 postea
1106 849 1174 869 non
1200 844 1337 879 oportet
1363 838 1495 868 addere
1519 837 1583 868 nisi
1611 838 1622 867 l
1651 847 1702 878 gr.

507 893 685 924 Percurrit
711 898 827 923 autem
852 891 953 922 Luna
977 902 1075 922 suum
1101 891 1321 932 epyciculum
1345 891 1380 920 in
1406 890 1446 923 27
1474 890 1595 920 diebus
1620 894 1655 920 et
1685 890 1721 919 13
1746 889 1838 919 horis
1864 894 1897 918 et
1922 892 1998 918 tert.
2016 887 2180 917 horarum
2198 884 2279 916 fere.

510 946 684 987 Peragrat
709 951 824 975 autem
849 955 948 974 suum
974 944 1192 975 deferentem
1216 943 1250 972 in
1275 942 1359 973 orbe
1384 942 1558 984 signorum
1583 941 1617 971 in
1643 942 1684 971 29
1710 940 1832 971 diebus
1857 945 1891 970 et
1919 940 1957 970 12
1975 939 2069 969 horis
2087 944 2121 968 et
2138 937 2280 968 dimidia

420 1004 455 1029 et
480 1000 513 1028 4⁶
537 998 637 1028 unius
662 997 745 1028 hore
769 997 854 1034 fere,
879 996 1072 1028 secundum
1097 994 1340 1036 Alfraganum‚
1365 994 1442 1025 diff.
1467 996 1498 1025 3.

510 1051 555 1082 Et
573 1050 751 1081 sciendum
770 1060 832 1090 per
857 1048 944 1079 duas
965 1048 1069 1079 horas
1093 1048 1167 1077 fere
1192 1046 1364 1087 percurrit
1388 1047 1470 1076 luna
1496 1045 1596 1076 citius
1614 1045 1746 1087 signum
1773 1040 1882 1086 quam'
1903 1055 2000 1076 suum
2026 1043 2277 1076 excentricum.

510 1102 614 1134 Adde
638 1103 716 1133 loco
741 1102 820 1132 lune
845 1101 884 1134 27
912 1111 955 1131 m.

510 1155 540 1186 E
564 1165 627 1196 pro
653 1153 850 1186 differentia
874 1152 1181 1193 Montispessulani
1208 1152 1322 1182 minue
1347 1152 1388 1181 24
1413 1161 1455 1181 m.
1482 1151 1500 1181 9
1526 1160 1595 1181 sec.
1621 1151 1639 1180 4
1666 1155 1742 1180 tert.

508 1208 607 1238 Luna
631 1213 701 1238 stat
727 1207 760 1237 in
786 1205 943 1248 quolibet
967 1206 1066 1247 signo
1091 1204 1225 1236 duobus
1250 1204 1372 1235 diebus
1396 1202 1490 1234 horis
1516 1204 1537 1244 (J¹
1560 1207 1594 1233 et
1619 1208 1750 1242 puncta
1776 1202 1880 1233 dlvn.

513 1259 681 1296 Quelibet
705 1259 838 1290 lunatio
863 1263 1000 1289 constat
1024 1267 1067 1289 ex
1092 1256 1215 1288 diebus
1240 1256 1281 1287 29
1306 1255 1398 1287 horis
1428 1257 1465 1286 12
1490 1265 1533 1286 m.
1559 1256 1600 1286 4⁷4
1626 1260 1660 1285 et
1689 1253 1743 1284 18ἢ
1767 1260 1867 1294 parte
1890 1254 1989 1284 unius
2014 1265 2054 1285 m.

511 1312 576 1342 Est
605 1313 656 1342 18·
679 1321 759 1352 pars
784 1311 883 1341 unius
909 1310 989 1340 min.
1014 1319 1083 1341 sec.
1110 1310 1128 1339 3
1154 1314 1188 1340 et
1212 1314 1289 1339 tert.
1320 1308 1367 1338 10.

895 1486 1061 1550 Super
1094 1484 1318 1535 labalam
1357 1486 1647 1551 argumenti
1681 1485 1808 1535 lune.

503 1609 572 1640 dde
598 1613 803 1651 argumento
828 1608 910 1639 lune
935 1610 977 1639 20
1002 1619 1045 1639 m.

524 1660 569 1692 Et
593 1661 709 1692 minue
732 1670 796 1702 pro
821 1660 985 1701 distantia
1009 1659 1317 1701 Montispessulani
1342 1660 1384 1691 23
1409 1670 1453 1691 m.
1480 1659 1519 1694 57
1545 1670 1615 1691 sec.
1641 1660 1683 1690 20
1707 1665 1782 1691 tert.

507 1713 564 1745 Sic
589 1714 685 1744 facta
710 1712 995 1754 compensatione
1021 1712 1064 1743 de
1082 1712 1215 1744 minore
1239 1722 1382 1743 numero
1407 1712 1454 1743 ad
1477 1712 1643 1743 maiorem
1668 1717 1778 1742 restat
1807 1710 1887 1742 min.
1920 1713 1951 1748 2,
1977 1710 2016 1745 57
2050 1720 2118 1742 sec.
2143 1711 2185 1742 20
2217 1715 2278 1744 ter.

508 1765 566 1797 Ad
582 1766 685 1796 istam
709 1765 867 1796 tabulam
893 1771 927 1796 et
950 1770 1153 1806 sequentem
1176 1764 1249 1795 scil.
1263 1764 1383 1796 tabula
1405 1764 1612 1806 Equationis
1634 1764 1782 1795 intratur
1805 1773 1884 1794 cum
1908 1762 2125 1806 Argumento
2142 1762 2234 1794 lune.

507 1818 553 1849 Et
576 1823 659 1849 nota
684 1817 779 1859 quod
803 1817 939 1859 signum
965 1823 998 1849 et
1022 1817 1172 1860 gradum
1196 1817 1295 1848 huius
1318 1816 1440 1848 tabule
1464 1826 1533 1848 non
1557 1822 1636 1848 sunt
1654 1817 1698 1848 de
1715 1816 1862 1848 zodiaco
1880 1816 1943 1847 sed
1960 1816 2003 1847 de
2028 1815 2214 1858 epyciculo
2229 1815 2263 1846 di

421 1871 496 1901 viso
522 1870 705 1913 epyciculo
730 1870 763 1900 in
788 1875 906 1911 partes
935 1871 983 1901 12.

863 2039 1031 2106 Super
1078 2039 1300 2090 tabulam
1347 2041 1635 2105 aquationis
1683 2039 1850 2091 lunae.

481 2164 598 2207 quatio
633 2164 680 2195 ad
713 2169 914 2204 computum
950 2163 1105 2195 februari
1141 2173 1280 2203 semper
1311 2163 1403 2194 intra
1435 2173 1513 2194 cum
1546 2168 1751 2204 argumento
1784 2163 1874 2200 lune,
1908 2162 2002 2204 quod
2039 2162 2212 2195 invenitur
2243 2163 2278 2194 in

502 2217 614 2248 latere
638 2222 672 2246 et
697 2225 775 2246 cum
801 2215 938 2246 minutis
963 2214 1285 2256 proportionalibus
1310 2225 1378 2256 que
1395 2214 1616 2246 inueniuntur
1632 2214 1666 2245 in
1683 2225 1816 2246 summa
1833 2214 1924 2246 linea
1942 2225 2009 2257 que
2026 2216 2148 2258 incipit
2171 2227 2192 2248 a
2209 2218 2229 2248 Ο
2246 2222 2282 2247 et

418 2269 623 2300 terminatur
648 2267 692 2298 ad
711 2268 765 2298 60.

892 2412 1059 2477 Super
1093 2412 1317 2463 tabulam
1357 2414 1533 2478 capitis
1569 2412 1814 2462 draconis.

422 2539 583 2619 Motus
615 2536 748 2577 equalis
780 2535 906 2567 dicitur
937 2536 972 2566 in
1004 2535 1121 2576 capite
1154 2535 1317 2567 draconis
1348 2535 1482 2566 medius
1513 2540 1625 2566 motus
1658 2535 1717 2576 qui
1747 2535 1843 2566 cadit
1873 2540 1996 2567 contra
2019 2536 2276 2569 successionem

524 2589 722 2631 signorum:
748 2588 848 2625 aries,
872 2588 984 2628 pisces
1009 2594 1093 2625 etc.;
1119 2593 1230 2619 motus
1255 2597 1357 2618 verus
1375 2587 1470 2619 cadit
1486 2587 1678 2618 secundum
1694 2587 1951 2619 successionem
1968 2587 2159 2630 signorum:
2177 2587 2278 2632 aries,

420 2646 538 2671 taurus
564 2646 633 2672 etc·

508 2692 712 2734 Nonaginta
727 2691 840 2723 tribus
858 2692 956 2722 annis
974 2692 1077 2723 finitis
1096 2692 1189 2723 adde
1207 2701 1311 2732 super
1327 2701 1465 2722 cursum
1483 2691 1644 2732 equalem
1661 2691 1826 2722 draconis
1843 2691 2024 2722 dimidium
2040 2691 2193 2734 gradum
2216 2692 2283 2735 vel·

421 2744 587 2775 subtrahe
613 2745 656 2775 de
682 2754 764 2775 vero
788 2754 892 2775 cursu
917 2750 951 2774 et
975 2743 1119 2776 habebis
1142 2744 1268 2775 iterum
1291 2743 1396 2775 aliam
1419 2743 1686 2774 revolutionem.

509 2795 547 2827 Si
571 2796 622 2826 vis
648 2806 778 2837 equare
803 2801 911 2836 caput
935 2795 1097 2827 draconis
1121 2805 1264 2827 remoue
1287 2800 1416 2826 motum
1442 2795 1575 2826 dierum
1599 2806 1620 2826 a
1645 2805 1728 2826 vero
1752 2800 1847 2827 motu
1870 2797 1904 2826 in
1928 2795 2028 2826 annis
2053 2795 2210 2827 collectis
2243 2800 2277 2826 et

421 2848 578 2880 habebis·

508 2900 629 2931 Minue
654 2911 673 2931 a
698 2901 776 2932 loco
802 2900 925 2940 capitis
950 2911 993 2931 m.
1020 2901 1037 2931 8
1063 2905 1207 2941 propter
1232 2899 1411 2931 defectum
1437 2899 1495 2940 qui
1519 2899 1718 2940 repperitur
1741 2899 1774 2929 in
1799 2900 1926 2932 tabulis
1951 2899 2154 2932 tollettanis.

509 2951 553 2982 Et
577 2962 641 2992 pro
666 2951 837 2982 distancia
862 2951 1171 2993 Montispessulani
1196 2962 1265 2983 sec.
1290 2952 1308 2983 9
1333 2957 1411 2982 tert.
1439 2951 1480 2982 50
1504 2951 1629 2982 minue·

1232 3047 1456 3095 *126ae
