2339 3382
358 213 463 248 Feria
712 213 733 244 2
845 209 862 247 7
975 212 995 244 (i
1107 213 1126 244 4
1239 212 1259 245 3
1376 211 1387 244 l
1503 209 1521 247 7
1635 211 1654 245 5
1767 211 1786 243 3
1902 211 1913 245 l
2030 208 2048 247 7
2160 210 2179 245 5

356 281 404 314 D.
434 279 574 315 Mensis
699 279 744 310 22
830 277 877 310 23
961 276 1007 310 25
1092 276 1138 311 25
1223 275 1268 312 27
1356 275 1400 313 27
1488 278 1533 310 29
1620 277 1667 311 30
1751 277 1798 310 30
1882 277 1926 311 31
2028 278 2048 310 2
2159 278 2180 310 2

355 346 473 381 Bffens·
664 352 779 373 remmio
793 353 905 377 Jan.1³00
924 353 1040 373 nmmo
1087 353 1143 373 nov.
1217 352 1270 373 om.
1345 353 1409 378 svm.
1477 352 1539 377 Aug.
1620 352 1668 376 Jul.
1748 353 1801 376 Jnn.
1883 352 1940 377 Maj.
2013 352 2071 376 Mai.
2139 352 2197 376 ΑΝ,

357 413 454 447 Dies.
486 411 556 445 lun.
695 412 742 443 29
829 409 876 444 30
961 410 1007 444 29
1093 411 1140 443 30
1224 410 1270 443 29
1357 410 1404 443 30
1489 409 1536 444 29
1622 408 1670 443 30
1753 409 1802 443 30
1886 404 1955 443 30'
2018 409 2064 443 29
2144 408 2197 443 30

465 544 549 585 Pag.
576 542 604 579 7,
630 542 687 574 lin.
712 552 742 584 9.
769 540 826 573 Ad
851 542 916 573 hoc
933 541 1038 583 igitur
1055 547 1091 572 ut
1109 541 1246 572 facilius
1265 542 1329 572 hoc
1348 541 1501 572 invenies
1520 550 1610 581 pone
1627 540 1690 571 sub
1709 541 1864 582 qualibet
1882 541 2058 572 lunatione
2082 550 2198 571 nume-

356 605 429 625 rum
447 593 666 635 precedentis
684 592 765 624 ferie
785 598 891 634 quota
910 598 961 622 est
979 592 1060 633 quia
1084 592 1309 623 revolutionis
1334 602 1495 623 numerus
1520 598 1572 622 est
1595 593 1657 623 294
1682 601 1815 623 menses
1840 592 1989 623 lunares.
2014 592 2062 624 Ut
2086 597 2198 623 autem

357 645 446 676 scias
462 649 640 675 transacta
665 643 776 685 prima
793 643 1012 674 revolutione
1030 643 1224 685 argumenti
1244 643 1345 674 lunae
1362 643 1618 683 superscribere
1636 642 1778 674 cuilibet
1795 642 1902 674 mensi
1917 642 2027 673 lunari
2043 642 2075 672 in
2094 648 2199 684 quota

358 698 443 729 feria
460 696 584 728 mensis
601 696 725 728 solaris
750 696 969 733 intret,scias
994 696 1087 736 quod
1112 695 1179 726 iam
1203 706 1269 738 ego
1293 696 1360 727 teci
1385 696 1419 726 in
1448 695 1477 727 Γ*
1501 702 1534 726 et
1560 695 1593 726 2³
1618 695 1830 727 revolutione
1854 701 1887 726 et
1912 695 1954 726 de
1976 686 2002 726 ἶ
2022 706 2130 737 usque
2154 695 2198 726 ad

359 750 398 780 39
424 757 559 780 menses
582 747 654 779 eius
679 753 713 778 et
737 747 770 778 in
794 747 859 778 1100
884 746 1051 788 completi
1075 752 1155 778 sunt
1184 747 1221 777 19
1246 746 1326 777 anni
1348 747 1490 778 solares.
1517 745 1652 782 Quibus
1677 745 1854 787 completis
1880 751 2016 786 oportet
2039 746 2161 777 iterato
2180 757 2198 776 a

356 799 470 840 capite
494 798 648 839 incipere
672 798 722 829 sic
747 797 840 839 quod
864 797 952 829 illud
977 797 1070 840 quod
1093 797 1255 831 invenisti
1279 797 1312 827 in
1336 797 1446 839 primo
1472 807 1588 828 mense
1612 797 1745 839 primae
1769 797 1993 828 revolutionis
2023 796 2066 827 sit
2098 807 2201 838 super

358 851 504 891 primum
522 851 584 880 4Ο“1
602 848 727 880 mensis
745 848 790 880 3³⁸
806 848 1031 880 revolutionis
1056 854 1089 879 et
1115 848 1208 889 quod
1236 857 1396 888 superest
1419 847 1534 879 scribe
1558 858 1660 889 super
1685 849 1746 878 41¹⁰
1770 854 1804 879 et
1827 847 1875 879 sic
1900 858 1962 889 per
1986 857 2199 890 consequens

358 901 469 932 donec
494 899 724 941 compleveris
750 900 767 929 4
793 898 1026 931 revolutiones
1052 898 1095 929 de
1121 899 1161 930 98
1187 899 1359 930 mensibus
1384 905 1418 931 et
1443 899 1531 930 ultra
1555 900 1622 930 hoc
1650 899 1687 933 78
1713 899 1770 940 qui
1796 904 1873 929 sunt
1897 900 1940 929 38
1963 898 2042 929 anni
2058 898 2199 929 solares.

468 950 672 982 Notandum
696 956 748 982 est
773 956 887 981 autem
913 950 1006 992 quod
1034 950 1066 980 in
1092 950 1165 981 istis
1189 949 1305 990 primis
1329 949 1600 982 revolutionibus
1625 950 1667 980 de
1691 949 1863 981 mensibus
1888 960 1955 980 non
1979 954 2116 989 oportet
2140 948 2200 979 ali-

359 1003 442 1044 quid
467 1002 548 1034 addi
573 1002 629 1033 vel
654 1001 759 1032 minui
783 1001 844 1032 sed
868 1001 1010 1032 ulterius
1034 1001 1100 1032 hoc
1124 1000 1277 1032 invenies
1303 1001 1395 1042 quod
1420 1000 1543 1032 mensis
1567 1000 1694 1032 lunaris
1712 1000 1853 1032 intrabit
1869 997 2079 1042 Quandoque
2095 999 2127 1029 in
2146 995 2201 1030 die'

359 1053 595 1094 superscripta
612 1053 718 1084 mensi
736 1052 840 1083 solari
858 1052 1068 1093 quandoque
1089 1062 1151 1093 per
1180 1052 1191 1082 1
1220 1051 1311 1082 diem
1337 1057 1414 1082 ante
1438 1051 1494 1082 vel
1518 1057 1607 1092 post.
1633 1051 1908 1092 Verumptamen
1933 1050 2073 1093 quando
2096 1060 2200 1091 super

359 1115 434 1136 eum
460 1103 591 1135 videbis
616 1113 792 1134 numerum
817 1102 920 1134 seriae
945 1103 1164 1144 emendatum
1192 1103 1236 1133 ad
1269 1102 1364 1133 illam
1396 1103 1645 1135 revolutionem
1677 1103 1753 1144 ipsa
1784 1102 1845 1133 tibi
1878 1101 2038 1133 ostendet
2069 1107 2201 1133 certum

359 1155 448 1186 diem
473 1154 564 1185 illius
587 1154 715 1185 mensis
739 1154 772 1184 in
791 1164 859 1195 qua
875 1153 981 1184 intrat
999 1154 1127 1184 lunaris
1145 1153 1208 1184 sub
1225 1153 1351 1185 solare.
1375 1153 1411 1184 Si
1429 1160 1545 1184 autem
1562 1164 1629 1185 non
1646 1154 1793 1185 haberes
1817 1153 1879 1184 nisi
1903 1153 2049 1195 primam
2066 1152 2202 1184 revolu-

357 1206 485 1237 tionem
510 1215 578 1247 que
603 1210 653 1236 est
679 1205 718 1236 98
745 1204 910 1238 mensium
934 1204 1026 1236 adde
1051 1204 1193 1236 cuilibet
1217 1204 1284 1235 diei
1312 1205 1350 1236 10
1373 1215 1406 1247 g.
1432 1210 1465 1235 et
1489 1206 1507 1235 2
1533 1206 1611 1236 min.
1637 1211 1671 1235 et
1699 1204 1842 1236 habebis
1869 1209 2070 1246 sequentem
2102 1213 2200 1234 revo-

357 1257 521 1288 lutionem
546 1255 743 1299 argumenti
766 1255 812 1287 ad
836 1255 920 1287 alios
946 1256 986 1287 98
1012 1265 1159 1291 menses;
1185 1255 1279 1297 quod
1304 1255 1446 1297 quidem
1471 1255 1669 1286 faciendum
1695 1261 1745 1287 est
1762 1255 1797 1286 in
1814 1255 1968 1297 qualibet
1985 1255 2200 1286 revolutione

358 1308 468 1339 donec
492 1307 724 1348 compleveris
748 1308 789 1338 36
813 1306 1050 1338 revolutiones
1074 1317 1164 1348 quae
1188 1306 1318 1337 faciunt
1334 1307 1398 1338 294
1416 1317 1524 1338 annos
1542 1307 1682 1338 lunares
1700 1312 1734 1337 et
1752 1312 1833 1338 tunc
1850 1305 2009 1338 redibunt
2027 1305 2071 1337 ad
2087 1306 2201 1337 locum

357 1358 501 1400 primum
533 1357 628 1389 nullo
661 1357 780 1389 addito
812 1357 868 1388 vel
900 1356 1067 1388 diminuto
1098 1362 1132 1388 et
1163 1363 1244 1389 tunc
1273 1363 1411 1399 oportet
1435 1357 1567 1388 addere
1597 1359 1609 1388 1
1636 1357 1746 1389 solum
1770 1357 1917 1399 gradum
1941 1367 2003 1398 per
2027 1356 2113 1388 alios
2137 1357 2200 1389 294

357 1419 463 1441 annos
488 1414 522 1441 et
545 1408 594 1440 sic
618 1418 756 1448 semper
780 1407 1006 1440 consimiliter
1030 1407 1198 1449 procedet
1223 1413 1475 1450 argumentum.

463 1516 674 1583 Regulis
711 1516 1120 1583 praecedentibus
1171 1527 1369 1583 putatur
1419 1516 1516 1568 iam
1552 1517 1682 1568 nosci
1719 1516 1848 1567 initia
1884 1515 2200 1567 lunationium

358 1620 516 1668 usque
543 1601 605 1651 ad
632 1607 780 1665 294²¹¹¹¹‚
821 1599 905 1650 At.
934 1619 1089 1651 canon
1116 1599 1229 1651 dicit
1255 1601 1389 1668 quod
1426 1600 1727 1667 Prophacius
1754 1600 1846 1652 hoc
1878 1600 1987 1652 fecit
2012 1610 2200 1651 tantum

360 1703 516 1751 usque
559 1683 622 1734 ad
665 1690 747 1748 39πη
792 1683 1092 1735 lunationem
1136 1691 1192 1745 3³⁶
1237 1684 1545 1736 revolutionis
1590 1686 1665 1748 (98
1708 1704 1946 1736 annorum
1994 1685 2199 1747 tantum)

360 1767 534 1819 scilicet
577 1786 734 1834 usque
779 1767 841 1818 ad
889 1768 1239 1834 complendum
1277 1787 1323 1833 19
1360 1789 1511 1820 annos
1548 1769 1725 1820 solares
1763 1768 1861 1820 sive
1899 1785 1968 1830 235
2007 1767 2199 1818 lunatio-

359 1872 458 1904 nes.
499 1851 661 1903 Docet
700 1870 817 1918 ergo
850 1851 1064 1903 invenire
1099 1863 1315 1903 coeteras
1344 1852 1614 1904 lunationes
1641 1872 1739 1903 non
1766 1853 1925 1903 solum
1950 1871 2108 1919 usque
2134 1852 2197 1902 ad

362 1943 491 2001 294¹¹¹‚
521 1955 648 2002 quae
676 1945 747 1986 est
772 1934 940 1986 ultima
965 1941 1021 1996 3ae
1048 1955 1147 1987 rev.
1179 1937 1254 2000 (98
1292 1937 1549 1999 annorum)
1589 1937 1675 1987 sed
1715 1947 1761 1988 et
1799 1936 2005 2003 amplius
2042 1955 2200 2003 usque

362 2020 424 2070 ad
460 2024 542 2079 ’78’Ἠ
580 2025 644 2083 4²⁹²
682 2038 781 2070 rev.
822 2018 998 2070 scilicet
1034 2038 1193 2086 usque
1231 2019 1293 2070 ad
1339 2027 1457 2084 470¹¹¹
1502 2040 1600 2087 qua
1645 2021 1951 2087 complentur
1994 2025 2046 2081 38
2089 2019 2199 2070 anni

362 2103 552 2154 solares.
594 2102 763 2153 Verba
800 2112 965 2154 autem
1006 2109 1031 2124 “
1055 2103 1121 2153 sic
1159 2103 1293 2170 quod
1334 2103 1451 2154 illud
1497 2104 1631 2171 quod
1682 2103 1902 2155 invenisti
1949 2103 1997 2154 in
2041 2103 2200 2171 primo

362 2206 530 2238 mense
567 2193 616 2236 1ae
653 2185 961 2237 revolutionis
998 2186 1055 2236 sit
1100 2207 1247 2254 super
1283 2187 1499 2254 primum
1537 2207 1603 2252 40
1641 2188 1817 2239 mensis
1854 2195 1910 2249 3²¹e
1946 2187 2199 2239 revolutio-

362 2270 434 2320 nis
477 2280 523 2320 et
564 2270 699 2337 quod
744 2289 890 2337 super
935 2271 1209 2321 secundum
1253 2271 1409 2323 scribe
1448 2291 1596 2339 super
1634 2292 1730 2337 41„
1772 2271 2052 2338 accipienda
2088 2281 2199 2321 sunt

363 2374 507 2405 sensu
544 2354 638 2405 lato
665 2353 842 2404 scilicet
868 2354 1094 2405 adhibitis
1120 2354 1299 2421 regulis
1326 2355 1734 2422 praecedentibus
1761 2375 1858 2406 non
1884 2355 2056 2413 stricte,
2085 2354 2199 2405 falsa

365 2437 494 2488 enim
532 2447 705 2488 essent.

469 2519 740 2585 Quomodo
777 2520 899 2572 haec
936 2522 1097 2572 omnia
1141 2522 1268 2573 dicta
1313 2522 1404 2573 sint
1454 2534 1563 2589 post
1612 2523 1802 2590 regulas
1851 2522 2199 2590 praecedentes

365 2603 480 2655 mihi
507 2624 603 2655 non
631 2615 703 2655 est
729 2616 1052 2671 compertum.
1094 2605 1315 2673 Itemque
1354 2607 1524 2657 clarius
1561 2626 1659 2657 non
1697 2606 1812 2658 mihi
1850 2607 2040 2658 videtur
2065 2605 2198 2673 quod

363 2687 570 2745 additur,
599 2687 695 2739 iam
735 2688 863 2739 enim
901 2688 1022 2740 haec
1059 2689 1295 2740 affirmata
1333 2701 1445 2740 sunt
1464 2701 1618 2742 antea.
1648 2690 1785 2746 Puto,
1814 2690 1947 2758 quod
1973 2690 2094 2740 haec
2121 2688 2198 2740 vel
2264 2692 2267 2694 ’

365 2771 717 2836 praecedentia,
759 2771 951 2823 alterius
1001 2772 1092 2823 sint
1143 2793 1329 2824 manus.
1380 2773 1493 2825 Hae
1546 2774 1750 2826 rationes
1797 2772 2051 2840 Prophacii
2101 2791 2199 2822 non

366 2873 535 2904 omnes
573 2854 621 2904 in
659 2853 847 2907 Codice
884 2876 913 2906 a
949 2856 1089 2925 nobis
1127 2857 1289 2915 relato,
1330 2857 1416 2908 sed
1454 2857 1501 2907 in
1539 2856 1726 2909 Codice
1753 2857 1901 2908 Laur.
1930 2856 1999 2907 Pl.
2029 2855 2200 2906 XVIII

366 2937 450 2988 sin.
492 2957 513 2987 2
551 2938 874 2990 inveniuntur.
915 2939 1111 3007 Reliqui
1150 2961 1265 2991 vero
1302 2960 1511 2992 canones
1548 2941 1681 2991 haud
1719 2941 1833 2992 mihi
1871 2940 2017 3007 digna
2056 2938 2201 3006 expli-

1117 3074 1163 3108 ὑὲ
1196 3065 1379 3105 XXXIV
1412 3074 1458 3109 ⁴5<
