2352 3473
82 256 199 303 ergo
238 236 378 286 lunae
427 246 497 285 est
543 254 683 284 arcus
729 234 811 301 qui
859 234 1112 284 intercedit
1148 235 1272 284 intra
1318 236 1481 286 locum
1519 238 1668 288 centri
1716 241 1913 307 epicycli

81 331 128 371 et
164 320 325 370 locum
345 320 500 369 lunae.
543 318 951 384 Distinguebatur
971 329 1139 369 autem
1161 332 1509 385 argumentum
1531 322 1749 373 medium
1777 334 1823 374 et
1848 344 1914 374 ar-

79 413 373 469 gumentum
410 422 595 459 verum,
619 413 789 468 utpote
828 402 981 452 videri
1020 412 1183 468 potest
1216 402 1267 458 ,in
1305 402 1387 469 fig.
1429 423 1464 461 2,
1505 405 1552 454 in
1589 425 1686 472 qua
1723 407 1826 458 loca
1851 407 1915 458 di-

79 506 218 553 versa
254 486 396 535 lunae
435 496 659 552 respectu
686 485 943 535 zodiacum
969 484 1288 536 illustrantur:
1318 506 1458 537 arcus
1488 488 1616 538 enim
1642 489 1913 556 argumenti

77 580 160 620 aut
206 568 496 636 conspicitur
542 590 570 619 a
615 580 780 620 centro
831 568 1083 619 eccentrici
1130 579 1213 619 aut
1260 590 1288 619 a
1325 581 1490 621 centro
1530 572 1713 624 mundi.
1763 571 1837 635 (V
1832 572 1914 622 ide

78 654 226 703 etiam
245 652 340 718 fig.
382 670 406 701 J
445 660 490 702 et
532 651 707 717 Opusc.
745 652 823 703 cz‘t.
863 649 1096 701 “Aleum
1133 651 1325 715 data).

187 774 271 818 Pag.
296 776 326 812 3,
352 775 410 807 lin.
435 785 486 814 31.
513 774 734 811 ...Quando
758 784 819 815 per
842 773 933 805 istud
966 774 1150 806 almanach
1182 774 1269 806 scire
1294 775 1445 806 volueris
1477 775 1553 807 loca
1578 776 1679 807 trium
1702 777 1913 818 superiorum

76 827 294 868 planetarum
318 826 482 858 subtrahe
507 825 552 856 ab
578 825 674 856 annis
699 824 826 856 Christi
854 825 937 856 1300
961 830 995 856 et
1018 835 1095 856 cum
1124 826 1263 857 residuo
1287 826 1379 857 intra
1404 826 1540 858 tabulas
1564 837 1681 859 eorum
1706 834 1739 859 et
1763 828 1914 860 invenies

75 888 178 919 super
194 877 293 920 signa
309 877 477 918 scriptum
501 887 680 907 numerum
706 886 875 907 annorum
899 874 1029 907 Christi
1053 876 1245 908 secundum
1272 877 1523 909 revolutionem
1548 888 1678 909 eorum.
1703 878 1741 908 In
1766 878 1913 910 Saturno

76 928 216 970 quidem
233 928 277 959 ab
300 938 368 959 uno
391 938 499 969 usque
517 927 562 958 ad
589 926 640 964 59,
663 927 697 957 in
721 927 803 958 Iove
828 937 936 968 usque
961 927 1006 958 ad
1032 928 1083 965 83,
1106 927 1141 958 in
1164 926 1280 958 Marte
1305 938 1413 969 usque
1430 927 1476 959 ad
1495 927 1543 962 79.
1570 928 1724 959 Invenies
1748 929 1869 960 etiam.
1884 953 1912 960 ..

77 978 211 1020 Accipe
235 989 318 1021 ergo
343 978 434 1010 diem
458 978 583 1008 mensis
610 988 712 1020 quem
736 978 788 1009 vis
813 983 847 1009 et
870 978 960 1009 intra
984 978 1016 1009 in
1042 978 1178 1010 directo
1203 978 1276 1010 eius
1299 989 1407 1020 usque
1432 979 1477 1009 ad
1501 989 1680 1009 numerum
1697 980 1776 1010 anni
1793 990 1911 1020 supra-

73 1029 193 1071 scripti
209 1035 243 1060 et
260 1030 355 1071 quod
378 1029 424 1061 ibi
449 1029 623 1061 inveneris
649 1029 691 1060 de
715 1028 822 1071 signis
845 1028 1011 1071 gradibus
1035 1034 1069 1060 et
1086 1028 1303 1067 minutis,'ibi
1321 1028 1383 1060 erit
1406 1029 1547 1070 planeta
1570 1029 1604 1060 in
1628 1035 1701 1061 tota
1724 1040 1785 1061 sua
1801 1030 1912 1071 prima

74 1080 290 1112 revolutione
314 1080 347 1110 in
372 1091 440 1122 qua
465 1080 551 1111 nihil
575 1085 714 1121 oportet
736 1079 858 1111 minuis
883 1090 948 1112 nec
973 1079 1065 1112 addi.

179 1179 442 1231 Revolutio
478 1178 732 1230 cuiusdam
770 1179 995 1246 planetae
1023 1189 1094 1230 est
1121 1198 1363 1230 annorum
1388 1198 1636 1237 numerus,
1666 1199 1764 1247 quo
1788 1200 1911 1231 com-

74 1264 218 1331 pleto,
258 1263 452 1315 tabulae
489 1264 552 1314 ad
590 1262 777 1314 initium
804 1263 1024 1315 redeunt.
1065 1263 1179 1314 Hoc
1216 1263 1265 1315 in
1302 1262 1513 1315 Saturno
1541 1264 1700 1314 evenit
1726 1275 1835 1331 post
1860 1281 1910 1328 59

73 1367 235 1405 annos,
261 1348 310 1398 in
336 1347 450 1399 love
477 1358 587 1414 post
615 1353 666 1409 83
688 1367 853 1406 annos,
876 1348 925 1398 in
945 1347 1109 1399 Marte
1129 1357 1240 1414 post
1265 1363 1316 1411 79
1343 1366 1507 1398 annos.
1535 1346 1690 1413 Quod
1710 1347 1910 1414 quidem

73 1432 138 1483 ita
174 1432 489 1484 constitutum
527 1443 599 1483 est
636 1453 663 1483 a
699 1431 972 1499 Prophacio
1010 1442 1063 1482 ut
1089 1450 1221 1482 error
1246 1431 1296 1481 in
1321 1431 1639 1498 sequentibus
1665 1432 1910 1483 revolutio-

74 1517 217 1567 nibus
243 1515 301 1567 sit
327 1515 569 1568 minimus.
605 1516 672 1567 Et
704 1536 831 1574 vere,
855 1535 970 1567 cum
1007 1532 1058 1580 59
1096 1515 1206 1566 anni
1245 1515 1552 1566 revolutionis
1589 1515 1782 1567 Saturni
1819 1515 1911 1566 sint

74 1616 201 1665 21549
222 1599 325 1651 dies
344 1600 381 1650 si
402 1619 451 1664 14
473 1621 514 1651 a.
537 1600 666 1658 biss.‚
690 1600 1081 1667 complectuntur
1099 1621 1107 1657 ;
1128 1616 1250 1660 21550
1271 1599 1374 1650 dies
1393 1610 1560 1650 autem
1580 1599 1615 1649 si
1637 1616 1674 1660 15
1696 1599 1906 1656 bissext„

73 1683 229 1751 posito
267 1683 429 1735 medio
467 1694 603 1735 motu
640 1684 814 1735 diurno
852 1683 1045 1734 Saturni
1083 1682 1130 1733 in
1168 1681 1379 1734 Zodiaco
1408 1682 1541 1734 iuxta
1567 1682 1664 1733 tab.
1696 1681 1906 1733 Arzach.

51 1765 104 1836 ’2'
159 1765 208 1817 o''
255 1764 333 1817 26⁰¹
370 1765 457 1831 39''''
495 1784 534 1828 17
535 1765 574 1780 '''''
613 1765 724 1832 48''''''
761 1785 807 1828 23
811 1765 865 1779 ””””
902 1767 1171 1818 invenietur
1208 1766 1342 1833 quod
1379 1765 1427 1816 in
1463 1765 1560 1817 fine
1598 1764 1670 1816 sui
1707 1764 1906 1816 revolut.

72 1851 171 1902 Sat.
212 1851 521 1918 progreditur
558 1851 742 1903 circiter
778 1858 862 1912 57¹n
901 1857 963 1913 338
1000 1851 1036 1901 si
1073 1851 1183 1903 anni
1221 1850 1334 1902 biss.
1392 1860 1503 1901 sunt
1540 1869 1589 1914 14
1627 1860 1674 1901 et
1711 1857 1791 1914 59³¹
1830 1848 1909 1900 cir-

72 1935 187 1986 citer
213 1935 251 1986 si
278 1952 330 1996 15.
359 1934 427 1986 Et
453 1935 519 1986 sic
545 1935 812 2002 respective
838 1936 887 1986 in
914 1935 1116 1987 coeteris
1142 1934 1361 2002 planetis.
1402 1933 1720 2000 Computatio
1746 1942 1910 1983 autem

72 2018 376 2071 correctionis
413 2039 511 2070 non
548 2030 736 2070 tantum
773 2040 802 2070 a
838 2020 1033 2086 proprio
1070 2019 1233 2070 medio
1270 2028 1406 2069 motu
1443 2017 1701 2085 dependet,
1738 2034 1909 2067 verum

73 2103 217 2154 etiam
252 2123 281 2153 a
317 2103 480 2154 medio
516 2114 651 2154 motu
688 2105 825 2170 augis
862 2104 1013 2170 (quod
1046 2103 1258 2170 implicat
1295 2113 1484 2153 motum
1509 2107 1569 2152 8³e
1606 2100 1842 2168 spherae),
1882 2118 1911 2149 a

73 2187 235 2238 medio
269 2198 404 2238 motu
442 2187 676 2238 luminarii
713 2188 761 2238 in
801 2187 1016 2255 epicyclo
1046 2197 1093 2237 et
1130 2187 1192 2238 ab
1233 2206 1402 2238 eorum
1438 2182 1819 2252 aequationibus.

181 2321 266 2365 Pag.
292 2324 323 2360 3,
347 2323 405 2355 lin.
429 2325 488 2363 38.
514 2323 618 2354 ...In
643 2323 866 2365 sequentibus
893 2328 1006 2354 autem
1030 2321 1303 2354 revolutionibus
1328 2321 1418 2352 adde
1443 2330 1506 2361 pro
1523 2318 1679 2361 qualibet
1695 2317 1911 2349 revolutione

70 2374 208 2406 Saturni
230 2375 241 2404 l
262 2374 410 2416 gradum
430 2379 463 2405 et
479 2375 521 2405 30
538 2374 685 2405 minuta:
704 2373 830 2405 Martis
848 2384 930 2405 vero
952 2375 963 2405 1
984 2373 1084 2416 grad.
1102 2378 1136 2404 et
1152 2374 1193 2404 40
1211 2372 1340 2403 minuta
1358 2377 1391 2403 et
1408 2372 1475 2402 hoc
1495 2369 1659 2412 quamdiu
1676 2374 1728 2400 est
1754 2367 1786 2399 8·
1810 2378 1911 2409 spera

69 2425 102 2456 in
120 2430 319 2468 augmento,
343 2425 439 2466 quod
463 2425 603 2467 quidem
629 2425 693 2456 erit
716 2435 825 2467 usque
853 2424 898 2456 ad
921 2435 1030 2456 annos
1055 2423 1183 2455 Christi
1211 2423 1304 2455 1600.
1328 2422 1382 2453 Ex
1407 2431 1476 2463 quo
1501 2426 1614 2452 autem
1632 2418 1754 2461 incipit
1771 2418 1912 2450 diminui

71 2486 138 2507 non
162 2482 299 2517 oportet
322 2476 405 2507 addi
429 2476 462 2506 in
478 2475 701 2517 sequentibus
725 2475 1010 2513 revolutionibus,
1035 2475 1068 2506 in
1092 2474 1243 2506 Saturno
1269 2474 1407 2516 quidem
1432 2472 1493 2503 nisi
1519 2473 1560 2503 30
1585 2471 1712 2502 minuta
1736 2470 1769 2500 in
1794 2469 1911 2501 Marte

71 2537 153 2558 vero
178 2527 229 2558 40.
254 2526 438 2568 Completa
462 2532 577 2558 autem
602 2527 713 2568 prima
736 2526 1064 2558 revolutionelovzs
1088 2525 1252 2557 subtrahe
1275 2525 1312 2556 in
1336 2523 1490 2566 quolibet
1514 2521 1671 2564 sequenti
1695 2532 1714 2552 a
1738 2521 1816 2552 loco
1841 2520 1910 2551 eius

71 2579 113 2610 30
130 2578 259 2610 minuta
282 2583 316 2609 et
338 2578 403 2610 hoc
429 2577 593 2620 quamdiu
617 2578 710 2609 sfera
735 2579 766 2609 8⁸
790 2577 892 2609 fuerit
907 2577 942 2608 in
959 2582 1157 2620 augmento,
1174 2576 1208 2607 in
1225 2575 1447 2607 decremento
1464 2583 1548 2606 vero
1565 2572 1730 2605 subtrahe
1747 2581 1809 2613 pro
1827 2580 1910 2613 quo-

70 2628 154 2660 libet
176 2628 389 2660 revolutione
417 2629 429 2659 l
457 2638 509 2671 gr.
535 2634 568 2660 et
593 2630 634 2660 30
659 2629 790 2660 minuta
815 2634 849 2660 et
873 2628 1018 2660 habebis
1042 2628 1157 2660 locum
1182 2628 1254 2659 eius
1279 2637 1408 2658 verum.

183 2678 289 2716 Quod
313 2680 340 2711 si
364 2679 619 2711 retrocedendo
643 2679 694 2711 vis
718 2679 808 2711 scire
832 2679 909 2711 loca
927 2688 1045 2710 eorum
1061 2678 1095 2709 in
1112 2677 1209 2709 annis
1227 2676 1353 2708 Christi
1372 2673 1664 2718 praecedentibus
1682 2683 1809 2704 annum
1831 2672 1912 2703 1300

72 2729 235 2762 subtrahe
264 2741 283 2761 a
311 2730 464 2773 qualibet
488 2730 704 2762 revolutione
728 2730 814 2761 illud
838 2730 932 2772 quod
956 2729 1188 2761 mandabatur
1212 2727 1296 2760 addi
1320 2727 1376 2759 vel
1401 2727 1494 2759 adde
1519 2725 1612 2768 quod
1636 2723 1792 2756 subtrahi
1815 2721 1910 2753 iube-

73 2781 175 2813 batur
198 2782 389 2813 secundum
413 2786 636 2824 augmentum
661 2781 717 2812 vel
742 2780 1002 2813 diminutionem
1027 2785 1174 2812 octavae
1199 2789 1331 2821 sperae.

178 2879 284 2931 Etsi
328 2880 652 2932 revolutiones
689 2901 717 2931 a
753 2879 969 2932 Profacio
1007 2879 1245 2931 indicatae
1284 2877 1375 2928 sint
1412 2877 1460 2927 in
1497 2875 1708 2927 Saturno
1745 2889 1797 2937 59
1833 2891 1909 2922 an·

73 2983 262 3023 norum,
302 2964 349 3015 in
382 2964 501 3028 Jove
538 2970 590 3026 83
629 2975 675 3015 et
717 2964 765 3014 in
810 2963 976 3015 Marte
1012 2981 1065 3028 79
1103 2981 1359 3018 annorum,
1399 2971 1576 3016 tamen,
1618 2958 1730 3026 quia
1761 2956 1809 3007 in
1852 2955 1909 3005 al-

863 3097 902 3131 s<
944 3087 1122 3130 XXI&
