2352 3473
178 235 232 285 In
268 233 375 285 cod.
406 232 563 284 Vatic.
606 241 652 283 et
689 232 890 300 quidem
928 231 1043 283 olim
1079 233 1228 283 Palat.
1271 238 1391 297 1426,
1432 235 1510 286 fol.
1547 254 1592 297 23
1626 255 1685 292 v.,
1721 237 1798 289 lin.
1830 258 1909 300 1-3:

182 382 239 414 Ad
263 381 426 413 noticiam
445 386 558 412 autem
576 391 748 412 canonum
765 387 798 412 et
815 381 1041 422 operaciones
1066 381 1168 412 etiam
1186 381 1382 413 tabularum
1401 384 1617 425 sequentium
1636 386 1913 425 proenotandum

73 441 135 473 est,
160 432 253 475 quod
277 432 369 463 istud
393 431 577 462 almanach
605 431 759 463 Profacii
791 431 905 462 iudaei
937 431 1134 462 ordinatum
1166 438 1217 462 est
1249 443 1353 473 super
1386 434 1501 464 villam
1527 435 1655 465 Montis
1687 437 1860 477 pessulani
1893 449 1912 468 a

73 484 213 516 meridie
246 483 312 514 diei
345 482 435 513 illius
467 482 525 524 qui
556 482 745 514 secundam
778 482 900 513 feriam
924 488 1028 513 vocat
1052 482 1126 514 dies
1151 482 1210 513 illa
1235 483 1327 523 (sz‘c):
1353 490 1404 514 est
1429 490 1543 516 autem
1568 486 1747 527 longitudo
1772 487 1843 518 eius
1869 487 1912 518 ab

34 524 37 526 .
73 535 204 567 oriente
232 535 268 565 14
293 543 345 576 gr.
370 532 427 564 vel
456 533 500 563 ab
529 533 614 563 arim
647 534 686 564 48
719 543 770 574 gr.
803 533 846 564 ab
878 533 1061 564 occidente
1093 543 1176 564 vero
1209 534 1250 564 32
1282 544 1333 576 gr.
1365 534 1568 577 (Boncomp.
1594 536 1702 575 Ball„
1727 537 1826 569 Tom.
1851 538 1912 576 IX,

71 595 152 628 pag.
177 584 345 624 601-002).

177 695 353 762 Quum
378 695 469 747 hoc
496 696 600 747 loco
628 695 802 746 dicitur
839 697 973 762 quod
1012 696 1205 747 numeri
1238 697 1486 763 graduum
1527 709 1574 750 et
1610 700 1913 752 minutorum

73 780 372 848 respondent
415 779 612 830 ultimae
651 778 743 830 diei
782 778 964 830 denarii
1002 779 1079 830 vel
1117 779 1319 847 quinarii
1358 782 1420 831 ad
1458 782 1711 833 meridiem
1761 785 1913 846 (meri-

72 864 216 927 diani)
268 862 713 930 Montispessulani,
767 863 1136 929 intelligendum
1185 874 1256 915 est
1292 864 1340 914 in
1378 865 1613 932 principio
1653 867 1746 918 diei
1792 868 1912 918 illius

73 948 249 998 scilicet
285 948 348 998 ad
386 945 641 998 meridiem
679 946 1015 1013 praecedentis
1053 947 1148 998 diei
1186 947 1235 998 id
1275 958 1346 999 est
1382 948 1429 998 in
1469 971 1514 1013 4,
1569 969 1610 1013 9,
1652 971 1714 1015 14,
1756 970 1815 1016 19,
1856 971 1912 1016 24

74 1042 120 1082 et
156 1050 208 1095 29
246 1031 340 1093 (vel
377 1031 451 1092 30)
490 1030 669 1081 mensis
706 1029 839 1081 iuxta
875 1050 1065 1081 morem
1103 1042 1336 1083 nostrum.

178 1113 397 1164 Radices
423 1125 534 1183 sunt
571 1114 761 1165 numeri
785 1136 813 1166 a
839 1114 1018 1182 quibus
1043 1117 1340 1182 computatio
1368 1117 1513 1167 sumit
1541 1118 1822 1170 exordium:
1852 1130 1912 1170 ta-

71 1199 215 1250 bulae
259 1209 424 1250 autem
468 1197 742 1249 tholetanae
786 1209 897 1249 sunt
941 1199 1134 1249 tabulae
1175 1199 1501 1251 Azarchaelis.
1556 1201 1610 1250 111
1661 1201 1733 1252 his
1778 1203 1911 1253 locus

71 1303 215 1334 verus
253 1282 390 1339 Solis,
431 1275 575 1333 lunae
621 1293 668 1333 et
710 1282 1017 1349 planetarum
1059 1283 1301 1335 invenitur
1344 1285 1705 1351 computatione
1753 1297 1914 1337 motus

72 1366 233 1424 medii,
274 1386 362 1433 per
399 1376 748 1433 argumentum
784 1366 929 1417 huius
974 1377 1135 1418 motus
1182 1378 1228 1419 et
1280 1387 1368 1434 per
1415 1356 1729 1436 aequationes
1776 1390 1914 1437 argu-

72 1450 236 1501 menti.
284 1448 483 1501 Omnes
534 1460 699 1501 autem
750 1450 1064 1502 indicationes
1109 1450 1381 1502 referuntur
1418 1453 1481 1503 ad
1519 1473 1672 1504 annos
1709 1454 1914 1505 arabum

72 1535 172 1586 sive
211 1535 434 1586 collectos
479 1533 578 1586 sive
625 1554 878 1601 expansos,
927 1534 989 1585 ad
1040 1555 1209 1586 eorum
1261 1555 1469 1594 menses,
1517 1536 1621 1588 dies
1674 1548 1721 1588 et
1771 1537 1914 1589 horas

71 1618 468 1687 aequinoctiales;
509 1638 608 1685 quo
646 1618 817 1669 accidit
861 1631 914 1670 ut
942 1619 1103 1683 'longa
1140 1619 1215 1669 via
1253 1619 1557 1670 inveniantur
1608 1621 1913 1687 planetarum

69 1703 344 1770 positiones.
397 1702 450 1753 In
499 1702 751 1754 almanach
801 1703 1001 1755 Profacii
1038 1723 1169 1761 vero,
1211 1703 1404 1769 cognita
1441 1704 1520 1754 die
1558 1704 1912 1773 cuiuscumque

69 1786 193 1843 anni,
234 1787 393 1838 statim
429 1786 478 1837 in
514 1786 689 1837 tabulis
727 1786 1111 1854 adprehenditur
1149 1787 1284 1838 locus
1317 1807 1461 1838 verus
1512 1789 1819 1855 planetarum
1867 1780 1914 1841 et

69 1870 206 1929 Solis,
249 1870 334 1921 etsi
373 1870 673 1938 quandoque
700 1870 880 1938 aliquid
918 1871 1204 1936 augendum
1243 1871 1318 1922 vel
1342 1871 1667 1924 minuendum
1694 1873 1766 1931 sit,
1797 1894 1911 1925 cum

68 1964 258 2006 tantum
294 1954 485 2006 numeri
523 1953 570 2004 in
607 1953 695 2005 illis
737 1954 949 2021 inscripti
994 1955 1259 2006 adhibendi
1304 1956 1394 2006 sint
1438 1957 1486 2007 in
1531 1958 1688 2024 prima
1731 1960 1914 2010 revolu-

69 2038 213 2096 tione,
254 2039 506 2105 quomodo
553 2037 674 2088 infra
727 2038 927 2090 dicetur.
980 2037 1134 2104 Quod
1185 2050 1351 2091 autem
1403 2051 1589 2107 spectat
1626 2042 1688 2092 ad
1726 2042 1909 2100 lunam,

70 2132 331 2189 computus
369 2122 679 2187 longitudinis
710 2133 756 2173 et
784 2122 1044 2174 latitudinis
1081 2123 1134 2174 fit
1171 2144 1259 2190 per
1297 2125 1533 2192 triplicem
1560 2127 1909 2193 operationem,

70 2217 122 2256 ut
161 2206 450 2263 videbimus,
491 2206 640 2257 modo
677 2216 842 2258 tamen
870 2207 1112 2274 expedito,
1142 2208 1228 2259 sed
1256 2209 1487 2275 longiore.
1530 2210 1684 2261 Anno
1708 2196 1800 2271 '1252
1828 2212 1913 2261 Al-

70 2290 287 2356 phonsus
320 2289 589 2357 Hispaniae
622 2289 738 2342 Rex
771 2310 920 2342 novas
954 2291 1141 2343 tabulas
1173 2292 1222 2342 in
1255 2292 1416 2344 lucem
1451 2294 1600 2344 edidit
1628 2294 1722 2357 (die
1757 2295 1912 2361 prima

65 2372 221 2436 Junii),
259 2393 380 2441 quas
418 2373 536 2425 forte
574 2373 820 2426 Profacius
853 2386 936 2425 aut
973 2395 1071 2426 non
1105 2376 1331 2442 cognovit
1363 2388 1446 2427 aut
1479 2377 1677 2429 minime
1712 2379 1909 2429 curavit.

70 2456 124 2507 In
161 2457 335 2507 tabulis
374 2457 694 2524 Alphonsinis
731 2478 900 2516 annus,
938 2459 1052 2517 dies,
1078 2460 1198 2511 hora
1235 2460 1432 2511 alicuius
1462 2471 1664 2512 eventus
1699 2462 1911 2528 primum

72 2541 277 2608 exprimi
314 2541 498 2593 debent
536 2541 582 2592 in
620 2561 825 2593 numero
864 2543 1082 2610 quodam
1120 2541 1233 2593 Em
1271 2544 1415 2601 dictO,
1453 2545 1589 2595 cuius
1639 2546 1911 2597 numeratio

71 2624 288 2691 procedit
325 2644 414 2691 per
451 2635 613 2692 partes
637 2626 1024 2691 sexagesimales,
1053 2627 1209 2678 unitas
1242 2638 1406 2679 autem
1435 2638 1507 2679 est
1535 2628 1636 2680 dies
1663 2649 1777 2680 cum
1804 2630 1911 2679 sub-

71 2708 416 2775 multiplicibus
455 2709 600 2760 etiam
638 2710 760 2760 tertii
798 2710 990 2762 ordinis.
1032 2711 1145 2762 Hoc
1185 2711 1477 2763 adminiculo
1504 2712 1749 2779 Alphonsi
1777 2714 1911 2763 tabu-

71 2791 142 2842 lae
176 2792 424 2843 breviores
457 2793 727 2844 admodum
761 2795 990 2846 evadunt.
1027 2793 1102 2858 (V
1098 2794 1178 2844 ide
1211 2795 1499 2860 opusculum
1531 2794 1771 2846 “Aleum
1797 2796 1911 2846 date

71 2874 341 2925 dantesclze
377 2876 586 2926 secondo
625 2875 671 2926 le
721 2877 882 2927 tavole
920 2877 1175 2946 affonnbw
1198 2921 1247 2937 ‚‚,
1294 2877 1525 2937 Fc'renze,
1577 2879 1748 2931 Pubbl.
1792 2880 1907 2931 Oss.

72 2957 205 3008 della
247 2957 448 3022 Querce,
488 2964 646 3023 [905).

854 3097 898 3131 §e
935 3088 1047 3128 XVII
1084 3098 1127 3132 ὦ
