2352 3473
78 243 205 274 lunaris
236 243 394 279 solarem,
427 242 473 272 ita
506 247 621 272 tamen
647 241 739 281 quod
771 240 804 270 in
830 239 990 271 addendo
1027 248 1207 269 numerum
1243 237 1476 278 septenarium
1513 248 1579 268 non
1611 237 1760 268 excedat
1791 237 1852 268 sed
1884 237 1910 267 si

79 301 211 341 precise
236 310 312 330 eum
335 298 497 330 habueris
520 298 644 335 scribe,
669 297 695 328 si
722 298 838 338 plures
864 295 1082 327 excreuerint
1107 294 1206 325 abice
1238 294 1265 331 7,
1291 294 1466 325 residuum
1492 294 1683 325 retinendo.
1708 293 1751 336 ([
1776 294 1861 324 Item
1885 294 1910 324 si

77 357 126 388 nis
151 358 238 388 scire
263 362 368 398 quota
393 355 448 386 die
474 355 599 386 mensis
624 354 745 386 solaris
769 354 872 384 intrat
896 363 973 385 eum
998 352 1124 383 mensis
1149 351 1278 382 lunaris
1302 352 1335 381 in
1362 352 1519 393 sequenti
1544 351 1766 382 reuolucione
1783 361 1913 382 connu-

78 425 174 445 mera
199 424 316 444 omnes
340 422 473 444 menses
508 412 691 453 preteritos
722 411 954 443 reuolucionis
977 411 1009 440 in
1035 420 1100 451 qua
1127 420 1163 440 es
1199 419 1276 439 cum
1308 408 1480 440 mensibus
1516 409 1776 450 precedentium
1812 419 1911 440 reuo-

78 472 248 503 lucionum
274 476 307 502 et
325 470 440 501 diuide
464 479 525 511 per
549 470 610 500 235
631 475 663 500 et
680 469 744 500 hoc
769 469 932 510 quociens
949 467 1126 497 inueniens
1150 466 1279 507 pluries
1297 472 1330 496 et
1347 476 1424 497 cum
1448 465 1585 496 residuo
1602 466 1744 497 intrabis
1762 477 1911 497 mensem

78 540 178 571 quem
203 529 255 559 uis
279 533 312 559 et
335 527 488 558 inuenies
513 527 679 568 scriptum
697 532 803 568 quota
821 526 877 557 die
904 524 1026 555 mensis
1051 524 1175 555 solaris
1198 524 1304 554 intrat
1327 523 1361 554 in
1386 534 1464 554 eum
1482 524 1607 554 mensis
1632 524 1760 554 lunaris
1786 529 1818 554 et
1834 534 1913 565 pos-

77 586 175 618 sibile
199 585 261 617 erit
286 585 380 626 quod
403 585 508 616 intret
531 585 591 616 illo
615 584 670 615 die
695 584 754 615 uel
777 582 989 624 precedente
1022 581 1077 612 uel
1109 581 1329 618 succedente,
1353 580 1416 612 sed
1441 586 1556 612 tamen
1580 581 1720 622 quando
1749 581 1912 622 respicies

77 653 255 675 numerum
279 643 367 674 ferie
390 642 611 674 emendatum
639 642 697 673 ille
723 640 875 673 ostendit
899 639 958 671 tibi
988 638 1120 680 absque
1145 638 1235 670 omni
1261 637 1368 669 dubio
1389 638 1479 669 diem
1496 638 1529 668 in
1553 648 1623 679 quo
1641 639 1765 679 mensis
1783 638 1912 669 lunaris

75 701 182 733 intrat
205 711 357 731 mensem
382 701 541 732 solarem.
567 699 610 742 Ε
634 698 691 730 Ad
714 699 780 730 hoc
804 697 909 740 igitur
932 702 969 728 ut
994 696 1130 727 facilius
1154 696 1221 727 hoc
1245 696 1400 727 inuenies
1424 706 1514 736 pone
1539 695 1601 726 sub
1631 695 1787 737 qualibet
1817 696 1912 726 luna-

77 758 174 790 cione
198 768 378 790 numerum
402 757 623 798 precedentis
648 762 756 798 quota
781 761 844 792 est,
880 754 962 796 quia
986 753 1219 785 reuolucionis
1242 761 1405 784 numerus
1434 758 1485 784 est
1509 754 1571 785 294
1597 763 1730 784 menses
1763 753 1911 785 lunares.

76 814 120 859 ss:
142 815 191 846 Vt
206 821 321 847 autem
339 815 429 847 scias
451 820 625 846 transacta
649 814 761 855 prima
784 812 1008 844 reuolucione
1032 811 1225 853 argumenti
1247 811 1325 841 lune
1354 810 1613 852 superscribere
1638 806 1787 841 cuilibet‘
1807 810 1913 841 mensi

77 873 187 904 lunari
203 873 236 903 in
261 878 366 915 quota
388 873 477 904 feria
501 872 627 903 mensis
651 870 773 902 solaris
797 870 899 901 intret
923 869 1011 900 scias
1037 869 1131 910 quod
1155 869 1223 899 iam
1248 878 1313 910 ego
1337 868 1406 900 feci
1430 868 1463 898 in
1487 868 1597 909 prima
1625 873 1658 899 et
1682 868 1836 899 secunda
1861 878 1913 898 re-

77 930 258 962 uolucione
283 936 317 961 et
333 930 377 961 de
402 931 420 961 3
438 940 547 972 usque
573 929 618 960 ad
643 929 684 960 39
703 937 837 959 menses
862 927 934 958 eius
951 933 985 958 et
1001 927 1035 957 in
1059 926 1126 958 hoc
1148 930 1152 965 Ι
1173 926 1337 967 completi
1355 931 1432 957 sunt
1460 927 1496 957 19
1513 925 1593 956 anni
1610 925 1752 957 solares.
1778 924 1914 962 Quibus

76 987 257 1028 completis
281 992 416 1028 oportet
443 987 567 1018 iterato
591 997 610 1016 a
635 986 749 1027 capite
784 985 949 1025 incipere,
973 984 1020 1015 sic
1047 984 1140 1026 quod
1174 983 1261 1014 illud
1285 984 1378 1025 quod
1414 983 1574 1014 inuenisti
1598 982 1631 1012 in
1655 983 1766 1023 primo
1798 993 1913 1014 mense

75 1045 183 1086 prime
207 1044 440 1076 reuolucionis
475 1044 518 1075 sit
552 1053 655 1084 super
689 1042 836 1084 primum
863 1042 928 1072 40¹n
957 1041 1081 1072 mensis
1105 1042 1139 1072 3ε
1176 1040 1408 1072 reuolucionis
1433 1046 1466 1071 et
1491 1041 1585 1082 quod
1615 1047 1771 1082 superest
1802 1040 1914 1072 scribe

76 1112 181 1143 super
205 1103 271 1132 41ῐῐὶ
301 1107 334 1133 et
357 1102 404 1133 sic
429 1112 492 1143 per
509 1111 724 1142 consequens
750 1101 860 1131 donec
885 1099 1116 1140 compleueris
1142 1101 1159 1129 4
1185 1098 1428 1130 reuoluciones
1452 1098 1495 1129 de
1513 1099 1552 1130 98
1578 1098 1752 1129 mensibus
1776 1104 1810 1129 et
1825 1098 1915 1129 ultra

77 1160 143 1191 hoc
169 1159 207 1193 78
234 1159 291 1201 qui
315 1164 393 1190 sunt
417 1159 457 1190 38
483 1158 562 1189 anni
587 1158 731 1189 solares.
755 1156 798 1201 ([
821 1156 1025 1188 Notandum
1043 1162 1095 1187 est
1113 1162 1229 1187 autem
1253 1156 1348 1198 quod
1371 1156 1403 1186 in
1420 1155 1493 1187 istis
1510 1156 1629 1197 primis
1645 1155 1916 1188 reuolutionibus

77 1217 121 1248 de
145 1217 319 1249 mensibus
343 1226 411 1248 non
435 1221 573 1257 oportet
597 1215 691 1246 aliud
717 1215 799 1246 addi
824 1215 881 1245 uel
907 1215 1023 1252 minui,
1048 1214 1110 1245 sed
1133 1214 1276 1245 ulterius
1301 1213 1368 1245 hoc
1400 1213 1552 1244 inuenies
1588 1213 1685 1255 quod
1721 1213 1845 1244 mensis
1868 1213 1917 1244 lu-

77 1275 168 1306 naris
190 1274 332 1305 intrabit
357 1274 570 1316 quandoque
594 1274 627 1303 in
653 1273 709 1304 die
733 1272 974 1313 suprascripta
999 1271 1105 1302 mensi
1137 1271 1242 1302 solari
1268 1271 1481 1313 quandoque
1504 1281 1565 1312 per
1589 1282 1691 1301 unam
1716 1271 1806 1301 diem
1838 1276 1916 1301 ante

78 1332 134 1364 vel
150 1331 562 1374 post.l}Verumptamen
588 1330 728 1372 quando
752 1340 856 1371 super
874 1340 950 1361 eum
968 1329 1105 1360 uidebis
1130 1339 1309 1360 numerum
1333 1328 1421 1359 ferie
1445 1329 1664 1359 emendatum
1690 1328 1734 1359 ad
1756 1328 1848 1359 illam
1865 1339 1918 1359 re-

78 1390 297 1421 uolucionem
321 1380 398 1430 ipsa
423 1389 483 1420 tibi
520 1388 680 1420 ostendet
715 1394 848 1419 certum
884 1387 974 1418 diem
1009 1387 1099 1417 illius
1128 1386 1253 1417 mensis
1278 1386 1312 1416 in
1336 1397 1404 1428 qua
1428 1386 1532 1417 intrat
1557 1386 1685 1417 lunaris
1717 1385 1780 1417 sub
1804 1385 1917 1417 solare

77 1446 113 1478 Si
138 1452 254 1478 autem
278 1457 346 1479 non
370 1447 517 1477 haberes
554 1446 617 1477 nisi
652 1445 799 1487 primam
831 1444 1089 1476 reuolucionem
1114 1455 1181 1486 que
1207 1450 1258 1474 est
1283 1445 1322 1475 98
1348 1443 1529 1481 mensium,
1561 1443 1654 1474 adde
1679 1443 1819 1475 cuilibet
1851 1441 1917 1474 diei

82 1506 119 1536 lO
143 1514 194 1547 gr.
219 1509 252 1535 et
275 1506 294 1535 2
320 1505 398 1535 min.
423 1509 456 1534 et
480 1503 622 1534 habebis
646 1507 850 1544 sequentem
885 1502 1144 1533 reuolucionem
1169 1501 1361 1544 argumenti
1386 1501 1430 1532 ad
1462 1501 1548 1532 alios
1574 1502 1613 1532 98
1646 1511 1800 1537 menses;
1824 1501 1917 1543 quod

77 1561 215 1604 quidem
239 1562 438 1593 faciendum
463 1567 513 1592 est
536 1561 570 1591 in
593 1560 748 1602 qualibet
773 1559 996 1591 reuolucione
1025 1559 1136 1590 donec
1162 1559 1392 1600 compleueris
1417 1560 1458 1590 36
1483 1557 1714 1589 reuolutiones
1746 1569 1834 1599 quae
1864 1558 1917 1588 t‘a-

77 1619 173 1651 ciunt
197 1620 259 1651 294
284 1629 392 1650 annos
417 1619 565 1656 lunares,
592 1625 626 1649 et
651 1624 732 1649 tunc
755 1617 919 1649 redibunt
943 1617 988 1648 ad
1012 1617 1124 1648 locum
1149 1617 1296 1658 primum
1321 1608 1415 1648 nullo
1450 1616 1571 1648 addito
1596 1617 1653 1648 uel
1685 1617 1851 1648 diminuto
1883 1623 1916 1648 et

77 1683 158 1708 tunc
183 1682 321 1718 oportet
343 1676 475 1708 addere
492 1687 597 1708 unum
615 1675 727 1707 solum
745 1676 892 1717 gradum
918 1686 980 1716 per
1004 1675 1087 1706 alios
1110 1676 1173 1707 294
1192 1685 1302 1706 annos
1319 1680 1353 1706 et
1373 1674 1421 1705 sic
1445 1684 1581 1715 semper
1598 1674 1820 1706 consimiliter
1837 1684 1915 1715 pro-

76 1733 179 1765 cedet
203 1739 454 1776 argumentum.

133 1791 148 1822 Ι
173 1791 330 1832 eclipsim
355 1791 436 1822 solis
471 1791 559 1822 scire
594 1790 786 1831 desideras,
822 1790 910 1821 scias
947 1790 1058 1832 primo
1093 1790 1209 1821 locum
1244 1790 1315 1820 eius
1340 1790 1374 1820 in
1398 1789 1541 1820 meridie
1566 1790 1817 1822 coniunctionis
1850 1789 1917 1822 diei

147 1838 240 1880 illius
263 1854 297 1880 et
314 1849 429 1880 locum
454 1848 614 1890 equalem
639 1849 764 1890 capitis
790 1848 951 1880 draconis
976 1847 1021 1878 ad
1047 1847 1226 1878 meridiem
1252 1847 1318 1878 diei
1343 1847 1500 1878 eiusdem
1523 1847 1557 1878 in
1580 1848 1658 1879 loco
1681 1848 1740 1879 illo
1766 1854 1800 1879 et
1825 1850 1916 1880 adde

76 1907 142 1939 hoc
166 1907 267 1938 simul
291 1913 325 1938 et
349 1907 443 1949 quod
468 1917 510 1937 ex
536 1906 712 1938 additione
736 1905 938 1948 prouenerit
961 1905 1143 1937 uocabitur
1168 1911 1408 1948 argumentum
1433 1904 1632 1936 latitudinis.
1655 1905 1691 1936 Si
1716 1905 1819 1947 igitur
1851 1905 1916 1937 hoc

77 1970 319 2007 argumentum
356 1970 408 1996 est
440 1964 550 1995 maius
575 1964 618 1995 de
643 1965 664 1996 Ο
687 1964 718 1994 in
745 1963 851 2006 signis
876 1969 910 1994 et
938 1964 974 1994 18
999 1963 1032 1993 in
1056 1962 1224 2005 gradibus
1259 1963 1314 1994 uel
1351 1963 1462 1994 minus
1494 1962 1645 2004 quinque
1681 1962 1785 2005 signis
1809 1969 1844 1994 et
1879 1964 1916 1994 12

76 2021 241 2064 gradibus
265 2022 322 2053 uel
347 2022 456 2053 maius
481 2024 499 2054 ὁ
524 2022 628 2065 signis
653 2027 687 2053 et
713 2022 730 2053 5
754 2021 922 2063 gradibus
946 2021 1004 2052 uel
1036 2021 1144 2051 minus
1172 2021 1207 2051 ll
1234 2020 1338 2063 signis
1363 2026 1396 2051 et
1419 2022 1459 2052 29
1483 2020 1662 2062 gradibus,
1688 2030 1757 2052 non
1781 2027 1918 2062 oportet

77 2085 110 2111 te
134 2079 282 2121 amplius
307 2079 478 2117 labora-re,
504 2080 583 2121 quia
619 2090 685 2111 non
710 2085 826 2120 potest
861 2089 936 2110 esse
972 2078 1111 2120 eclipsis
1135 2078 1173 2109 in
1194 2078 1337 2121 regione
1370 2077 1558 2110 latitudinis
1585 2079 1624 2109 43
1655 2078 1828 2121 graduum
1861 2080 1917 2110 uel

76 2138 183 2169 circa.
217 2137 253 2168 Si
279 2143 392 2169 autem
417 2137 613 2178 predictum
639 2142 878 2180 argumentum
915 2136 1018 2168 fuerit
1041 2136 1133 2167 infra
1157 2135 1320 2167 terminos
1344 2135 1574 2177 supradictos,
1599 2136 1690 2167 scias
1715 2136 1828 2167 locum
1860 2147 1918 2167 co-

77 2195 282 2227 niunctionis
318 2195 535 2226 luminarium
565 2200 598 2226 et
635 2195 832 2226 distantiam
867 2194 1028 2225 horarum
1065 2194 1138 2225 eius
1169 2205 1188 2224 a
1219 2193 1362 2224 meridie
1386 2193 1413 2224 si
1439 2199 1490 2224 est
1524 2198 1602 2224 ante
1627 2193 1683 2224 uel
1719 2198 1806 2234 post.
1842 2193 1918 2225 Sint

77 2253 178 2284 etiam
203 2253 285 2284 hore
309 2253 372 2284 iste
401 2258 528 2295 equate
552 2263 631 2284 cum
656 2252 774 2284 tabula
800 2252 1001 2294 equacionis
1026 2252 1157 2283 dierum
1182 2257 1215 2282 et
1238 2251 1402 2288 noctium,
1426 2251 1524 2282 cuius
1549 2250 1689 2292 quidem
1718 2251 1917 2293 equacionis

77 2310 198 2342 modus
223 2316 273 2341 est
297 2310 389 2352 quod
413 2311 438 2341 si
464 2311 548 2342 hore
577 2310 830 2342 coniunctionis
851 2311 918 2340 sint
941 2315 1020 2340 ante
1048 2309 1227 2341 meridiem
1245 2309 1354 2340 addes
1378 2309 1455 2343 hoc,
1480 2309 1506 2340 si
1540 2314 1654 2340 autem
1673 2315 1750 2350 post
1774 2309 1915 2340 minues.

78 2367 174 2398 Intra
198 2367 301 2398 etiam
325 2378 404 2399 cum
428 2368 541 2410 gradu
565 2367 646 2398 solis
670 2368 703 2398 in
726 2367 883 2399 tabulam
907 2367 1069 2398 horarum
1094 2367 1292 2398 medietatis
1314 2366 1403 2397 illius
1429 2366 1495 2397 diei
1522 2376 1607 2408 quas
1632 2366 1740 2398 addes
1757 2366 1813 2397 uel
1837 2365 1915 2397 sub-

77 2424 203 2461 trahes,
227 2431 263 2455 ut
287 2425 418 2456 dictum
443 2431 502 2466 est,
527 2430 561 2456 et
586 2431 670 2467 quot
693 2431 771 2466 post
795 2425 1010 2456 additionem
1031 2425 1086 2456 vel
1109 2424 1378 2456 subtractionem
1400 2425 1403 2463 Ι
1425 2423 1628 2455 remanserit
1652 2429 1750 2455 erunt
1773 2424 1854 2455 hore
1873 2425 1915 2456 ab

76 2482 260 2522 ortu4solis
284 2492 393 2524 usque
426 2483 470 2513 ad
503 2487 638 2524 tempus
669 2483 761 2514 illius
793 2482 1057 2520 coniunctionis,
1082 2493 1148 2524 que
1174 2482 1314 2524 quidem
1346 2482 1428 2514 hore
1457 2481 1674 2513 vocabuntur
1697 2482 1782 2512 hore
1806 2482 1914 2523 prime

76 2539 338 2571 coniunctionis.
370 2540 465 2571 Intra
489 2550 573 2583 ergo
599 2550 677 2571 cum
708 2539 798 2571 horis
832 2539 1055 2582 longitudinis
1091 2539 1341 2571 coniunctionis
1377 2544 1455 2569 ante
1481 2538 1536 2569 uel
1560 2544 1638 2580 post
1674 2539 1850 2570 meridiem
1882 2539 1915 2569 in

77 2597 231 2629 tabulam
249 2597 462 2629 diuersitatis
487 2603 650 2639 aspectus
674 2597 899 2640 longitudinis
925 2603 958 2629 et
981 2597 1171 2628 latitudinis
1194 2598 1286 2628 lune.
1312 2597 1349 2627 In
1367 2597 1460 2627 horis
1485 2596 1622 2638 quidem
1641 2607 1706 2637 que
1732 2601 1810 2627 sunt
1835 2602 1914 2627 ante

77 2655 251 2686 meridiem
276 2655 303 2686 si
327 2655 524 2687 coniunctio
549 2656 592 2686 sit
616 2661 697 2687 ante
720 2655 774 2686 uel
799 2655 833 2685 in
857 2655 908 2686 his
935 2665 1002 2697 que
1027 2660 1106 2685 sunt
1129 2660 1207 2696 post
1232 2654 1259 2685 si
1283 2654 1480 2685 coniunctio
1505 2654 1547 2684 sit
1571 2659 1649 2694 post
1674 2653 1849 2684 meridiem
1882 2659 1915 2684 et

78 2713 173 2754 quod
196 2713 230 2743 in
256 2713 389 2744 directo
414 2723 531 2744 earum
557 2712 682 2744 fuerint
708 2713 751 2744 de
776 2712 913 2743 minutis
948 2712 1172 2755 longitudinis
1207 2718 1242 2742 et
1276 2711 1468 2742 latitudinis
1494 2711 1520 2741 si
1547 2710 1581 2741 in
1605 2721 1674 2752 quo
1697 2710 1802 2742 fuerit
1833 2711 1914 2742 luna

76 2770 347 2811 unumquodque
373 2780 434 2810 per
459 2780 495 2801 se
520 2775 693 2811 sumptum
724 2770 838 2802 scribe
863 2775 897 2801 et
922 2769 988 2801 hoc
1021 2770 1085 2800 erit
1117 2769 1300 2800 diversitas
1336 2775 1497 2810 aspectus
1526 2768 1606 2799 lune
1634 2768 1668 2798 in
1702 2768 1914 2811 longitudine

78 2833 112 2858 et
136 2827 328 2858 latitudine.
353 2827 388 2858 Si
406 2834 520 2858 tamen
546 2828 627 2858 luna
652 2828 757 2859 fuerit
780 2828 813 2858 in
837 2827 1008 2869 principio
1025 2827 1112 2869 signi
1137 2827 1230 2857 illius
1253 2826 1342 2858 intra
1368 2827 1473 2857 etiam
1499 2836 1576 2856 cum
1602 2831 1805 2868 argumento
1835 2825 1913 2855 lune

78 2885 207 2916 minuta
243 2885 433 2927 equationis
469 2886 606 2926 eclipsis
631 2885 846 2916 luminarium
871 2896 937 2927 que
970 2891 1020 2916 est
1045 2885 1135 2916 linea
1161 2888 1195 2916 4³
1225 2884 1338 2925 posita
1373 2884 1468 2914 iuxta
1505 2890 1633 2914 motum
1664 2884 1741 2915 lune
1773 2884 1806 2914 in
1831 2884 1914 2914 hora

78 2944 146 2973 un'a
169 2943 375 2984 accipiendo
400 2943 494 2984 quod
520 2948 570 2973 est
593 2942 626 2973 in
651 2942 786 2974 directo
811 2949 843 2974 et
869 2943 989 2984 accipe
1014 2947 1149 2983 partem
1173 2941 1475 2983 proporcionalem
1500 2941 1689 2972 secundum
1713 2940 1913 2982 proporcio-

78 3010 157 3030 nem
181 3000 350 3041 graduum
376 3001 455 3031 lune
480 3001 525 3031 ad
550 3005 657 3031 toturn
681 3000 818 3042 signum
843 3006 877 3032 et
901 3000 986 3031 illud
1004 2999 1099 3041 quod
1123 2999 1195 3030 exit
1220 2999 1300 3030 uide
1325 3004 1432 3040 quota
1455 3008 1538 3039 pars
1564 2998 1627 3028 erit
1652 2998 1694 3029 de
1725 2998 1765 3029 60
1793 2997 1913 3038 accipe

905 3096 1088 3143 &72³4

1941 920 1986 940 col.
2001 921 2011 938 ⁴
2028 927 2049 943 v,
2067 921 2110 941 col.
2129 923 2139 941 2

1958 2442 1976 2454 e.
1993 2435 2004 2453 5
2020 2441 2039 2458 r,
2055 2435 2100 2454 col.
2119 2436 2138 2455 1.
