2339 3382
358 205 561 257 manach
600 203 743 253 etiam
779 221 820 251 a.
864 217 970 259 1300
1008 198 1186 248 horum
1219 195 1524 261 planetarum
1563 193 1696 243 106115
1732 191 2028 255 adsignatur,
2071 209 2187 240 vere

360 299 616 354 computus
653 283 958 350 amplectitur
985 285 1048 330 60
1076 281 1153 331 vel
1178 285 1240 343 84
1269 283 1403 328 et'80
1437 276 1706 343 respective
1744 294 1998 325 annorum.
2039 272 2192 338 Quod

360 373 560 439 quidem
596 370 775 420 factum
814 376 897 424 651,
945 375 1079 432 puto,
1127 374 1180 414 ut
1230 380 1466 412 numerus
1510 379 1749 411 annorum
1793 358 2109 410 bissextilium
2146 358 2194 408 in

362 456 515 523 prima
554 451 849 504 revolutione
886 449 943 499 sit
981 448 1270 514 completus.
1313 446 1553 496 Attamen
1591 444 1770 494 mirum
1808 454 1878 495 est
1915 443 2049 509 quod
2085 442 2195 493 Pro-

362 538 508 589 facius
541 535 653 586 nihil
687 535 811 585 dicat
843 534 891 584 in
925 532 1193 599 proposito:
1226 549 1460 581 numerus
1500 527 1630 579 enim
1662 547 1737 577 an.
1775 527 1948 578 bissex.
1985 536 2056 577 sat
2089 545 2197 575 con-

364 622 527 672 turbat
549 618 931 685 supputationes.
960 614 1330 682 Inaequalitates
1351 633 1520 663 cursus
1539 612 1844 678 planetarum
1870 610 1919 660 in
1946 609 2196 660 almanach

363 703 561 756 Profacii
600 710 978 768 compensantur
1017 699 1282 749 multorum
1319 716 1560 748 annorum
1598 694 1912 751 revolutione,
1953 713 2052 760 qua
2095 712 2198 760 per-

364 789 497 845 fecta,
535 787 716 838 reditur
752 784 849 836 fere
887 783 951 834 ad
989 793 1229 850 punctum
1266 781 1439 839 initiale
1478 778 1698 837 Zodiaci;
1734 798 1890 844 quum
1915 787 2080 828 autem
2107 777 2200 844 pla-

366 884 505 923 116136
543 890 713 922 01111165
746 877 1031 920 111ον63111111
1067 867 1116 917 111
1151 865 1248 916 51115
1283 863 1519 931 epicyclis‚
1553 882 1764 930 quorum
1798 871 2019 913 centrum
2058 871 2127 912 est
2154 860 2202 911 in

369 954 656 1009 cccentricis‚
694 952 783 1020 ipsi
822 951 968 1002 modo
1006 948 1386 1017 progrediuntur
1423 947 1470 997 in
1509 947 1586 997 via
1623 967 1710 997 5113
1737 945 1884 997 modo
1923 964 2203 1012 regressum

367 1040 563 1090 habent.
605 1036 758 1102 Quod
797 1035 939 1102 plane
977 1033 1127 1085 videri
1165 1042 1323 1100 potest
1360 1031 1407 1082 in
1445 1031 1527 1097 fig.
1568 1049 1590 1092 3
1628 1041 1675 1082 et
1713 1052 1744 1095 4
1782 1030 1844 1079 ab
1873 1028 2064 1096 Opusc.
2092 1049 2203 1080 meo

368 1124 464 1174 iam
502 1122 642 1173 citato
680 1118 997 1187 depromptis.

478 1258 562 1301 Pag.
587 1259 616 1298 3,
641 1257 698 1289 lin.
723 1265 774 1297 47.
799 1280 806 1287 .
821 1279 828 1286 .
843 1279 850 1286 .
866 1253 1018 1292 Quando
1035 1258 1150 1285 autem
1168 1253 1256 1284 scire
1272 1252 1421 1284 volueris
1439 1253 1554 1284 locum
1572 1251 1730 1289 Veneris,
1747 1250 1912 1283 subtrahe
1934 1251 1977 1281 ab
1995 1250 2092 1281 annis
2109 1249 2208 1281 Chri-

370 1310 411 1341 sti
433 1310 514 1340 1300
532 1314 566 1340 et
582 1318 660 1339 cum
677 1307 813 1338 residuo
837 1306 928 1337 intra
951 1304 1105 1336 tabulam
1129 1304 1203 1336 eius
1226 1303 1273 1335 ad
1296 1314 1422 1335 annum
1438 1302 1673 1344 subscriptum
1698 1308 1731 1333 et
1756 1302 1847 1333 diem
1873 1307 1907 1333 et
1924 1301 2089 1332 mensium
2107 1311 2207 1342 quem

371 1360 522 1392 volueris
539 1365 573 1390 et
590 1359 649 1390 ubi
666 1357 902 1390 concurrerint
924 1356 971 1388 ibi
994 1361 1093 1387 erunt
1117 1355 1307 1386 secundum
1330 1354 1464 1397 signum
1488 1354 1634 1396 gradum
1654 1359 1688 1384 et
1706 1353 1871 1384 minutum
1888 1353 1921 1383 in
1939 1358 2013 1384 tota
2030 1352 2080 1383 sui
2098 1351 2208 1392 prima

371 1412 594 1444 revolutione.
620 1410 655 1442 Si
679 1416 794 1441 autem
818 1408 1003 1450 plusquam
1030 1408 1047 1438 8
1071 1406 1243 1438 inveneris
1267 1405 1367 1437 abice
1394 1407 1410 1437 8
1436 1405 1601 1447 quociens
1626 1404 1768 1445 poteris,
1786 1404 1843 1446 qui
1863 1410 1940 1435 sunt
1966 1403 2046 1435 anni
2070 1403 2208 1435 revolu-

373 1462 472 1494 tionis
496 1468 528 1493 et
552 1462 641 1492 intra
665 1471 742 1492 cum
765 1459 915 1491 residuo.
939 1458 1006 1490 Pro
1031 1458 1186 1500 qualibet
1210 1462 1324 1489 autem
1356 1456 1571 1488 revolutione
1604 1455 1676 1486 eius
1709 1455 1875 1496 preterita
1907 1454 2029 1496 accipe
2060 1454 2072 1485 1
2101 1464 2152 1496 gr.
2177 1459 2210 1484 et

372 1515 414 1545 30
436 1513 514 1544 min.
535 1523 624 1554 quae
641 1511 742 1543 simul
756 1510 888 1542 faciunt
913 1511 954 1542 90
979 1509 1055 1542 min.
1082 1514 1116 1540 et
1140 1508 1258 1540 divide
1282 1517 1342 1549 per
1367 1507 1407 1541 37
1435 1517 1524 1548 quae
1548 1512 1625 1537 sunt
1650 1511 1762 1537 motus
1786 1505 1979 1549 argumenti
2003 1504 2074 1536 eius
2091 1505 2124 1535 in
2141 1515 2209 1535 una

374 1564 431 1595 die
455 1569 490 1595 et
512 1573 672 1594 numerus
704 1561 869 1604 quociens
898 1560 956 1602 qui
985 1560 1065 1591 inde
1089 1559 1205 1597 exibit,
1229 1559 1326 1590 iacta
1359 1557 1533 1594 divisione,
1558 1562 1657 1588 erunt
1689 1556 1772 1588 dies.
1798 1556 1833 1587 Si
1857 1556 1960 1599 igitur
1984 1556 2046 1587 iste
2072 1555 2211 1596 planeta

374 1614 473 1645 fuerit
490 1614 652 1650 directus,
670 1612 760 1644 adde
777 1622 955 1650 numerum
973 1610 1104 1642 dierum
1120 1610 1262 1641 istorum
1278 1619 1369 1641 nunc
1383 1613 1607 1650 acceptorum
1625 1618 1767 1639 numero
1785 1607 1916 1639 dierum
1935 1607 2030 1648 prius
2041 1606 2075 1637 in
2092 1606 2210 1638 tabula

373 1665 587 1696 inventorum
610 1670 644 1695 et
668 1663 821 1695 invenies
845 1663 879 1693 in
903 1662 1038 1693 directo
1056 1661 1188 1692 dierum
1204 1660 1346 1692 istorum
1363 1659 1561 1691 additorum
1578 1659 1692 1690 locum
1709 1659 1781 1690 eius
1799 1669 1918 1689 verum
1935 1658 1969 1688 in
1986 1657 2107 1690 tabula
2131 1657 2210 1689 eius.

376 1715 482 1752 Quod
506 1715 533 1745 si
555 1715 642 1746 inter
664 1714 724 1745 illa
748 1713 816 1745 duo
841 1713 917 1745 loca
941 1722 1030 1754 quae
1054 1712 1245 1744 suntvinter
1268 1711 1329 1742 illa
1354 1711 1422 1742 duo
1447 1716 1605 1751 tempora
1630 1701 1802 1741 invenitur
1826 1709 1934 1740 maior
1957 1719 2117 1740 numerus
2130 1718 2212 1751 gra-

375 1767 479 1797 duum
504 1771 537 1796 et
560 1765 776 1802 minutorum,
801 1775 904 1806 quam
927 1764 970 1795 sit
993 1772 1154 1794 numerus
1185 1762 1355 1805 graduum
1384 1767 1418 1793 et
1442 1761 1649 1792 minutorum
1674 1770 1795 1792 cursus
1819 1760 1900 1791 50115
1924 1760 1958 1791 111
1982 1758 2104 1791 diebus
2131 1758 2211 1797 illis,

375 1816 538 1847 subtrahe
562 1826 699 1847 cursum
724 1815 805 1846 solis
830 1826 850 1846 a
874 1825 976 1846 cursu
1001 1813 1149 1845 Veneris
1167 1818 1200 1844 et
1217 1812 1312 1855 quod
1328 1818 1483 1843 remanet
1500 1812 1564 1843 erit
1582 1811 1760 1853 quantitas
1785 1810 1931 1842 Veneris
1949 1810 2057 1841 maior
2080 1809 2213 1841 ratione

375 1868 427 1899 sui
453 1867 657 1909 argumenti.
682 1865 786 1898 Adde
811 1876 893 1908 ergo
917 1865 982 1896 hoc
1006 1864 1112 1906 priori
1135 1864 1213 1896 loco
1245 1864 1386 1895 invento
1411 1869 1444 1894 et
1467 1862 1613 1895 habebis
1637 1863 1752 1894 locum
1781 1862 1853 1893 eius
1885 1872 2015 1893 verum.
2048 1860 2155 1897 Quod
2186 1860 2212 1891 si

375 1920 465 1954 inter
487 1918 548 1948 illa
571 1917 639 1948 duo
664 1917 742 1948 loca
758 1917 927 1949 invenitur
945 1926 1105 1946 numerus
1130 1915 1239 1946 minor
1263 1925 1367 1956 quam
1391 1914 1434 1945 sit
1451 1924 1572 1945 cursus
1591 1913 1683 1951 solis,
1699 1913 1863 1944 subtrahe
1880 1922 1957 1944 eum
1976 1923 1995 1943 a
2012 1922 2115 1943 cursu
2131 1911 2213 1942 solis

377 1975 411 2000 et
436 1968 529 2010 quod
545 1973 699 1999 remanet
716 1968 880 1999 subtrahe
905 1978 925 1998 a
941 1966 1020 1998 loco
1038 1966 1186 1998 Veneris
1202 1965 1297 2007 prius
1320 1965 1462 1997 invento
1487 1970 1521 1996 et
1546 1964 1640 2006 quod
1657 1968 1813 1994 remanet
1830 1962 1892 1994 erit
1909 1973 2012 1994 verus
2029 1962 2100 1994 eius
2118 1962 2214 1993 locus

375 2020 409 2050 in
434 2019 487 2050 die
513 2019 558 2050 ad
581 2029 683 2061 quem
707 2018 854 2060 quaeris.
880 2017 916 2049 Si
939 2027 1023 2049 vero
1046 2017 1187 2059 planeta
1210 2016 1253 2047 sit
1275 2015 1500 2058 retrogradus
1525 2014 1616 2046 adde
1641 2014 1706 2045 hoc
1731 2013 1823 2055 quod
1848 2013 2009 2045 invenisti
2033 2013 2121 2044 inter
2146 2012 2215 2044 duo

376 2070 455 2101 loca
470 2080 575 2111 super
591 2080 727 2101 cursum
753 2080 820 2111 quo
845 2074 1003 2101 movetur
1027 2068 1080 2100 sol
1095 2068 1129 2099 in
1146 2067 1268 2100 diebus
1285 2067 1352 2098 illis
1370 2072 1403 2098 et
1420 2066 1521 2097 istam
1538 2065 1751 2097 additionem
1777 2063 1941 2096 subtrahe
1966 2075 1986 2095 a
2008 2062 2112 2104 priori
2135 2062 2215 2094 loco

377 2121 448 2152 eius
471 2121 611 2152 invento
634 2126 669 2152 et
692 2120 835 2152 habebis
859 2120 974 2152 locum
999 2118 1069 2150 eius
1094 2129 1214 2150 verum
1239 2118 1372 2160 absque
1397 2116 1489 2149 omni
1513 2116 1627 2148 dubio.
2254 2106 2255 2109 ¹

485 2259 573 2310 Ad
611 2259 969 2326 explanandam
1005 2259 1130 2311 hanc
1168 2257 1390 2325 regulam
1427 2256 1679 2308 almanach
1735 2254 1937 2307 Profacii
1974 2254 2105 2305 iuvat
2142 2274 2215 2305 63-

380 2363 476 2393 11011
515 2342 725 2410 equandi
762 2343 925 2394 locum
961 2341 1150 2394 veneris
1188 2361 1275 2408 per
1312 2341 1500 2392 tabulas
1538 2339 1705 2391 Zacuti
1747 2339 1905 2391 editus
1931 2360 1959 2390 3
1985 2337 2216 2403 magistro

382 2426 587 2477 Alfonso
624 2426 687 2477 de
725 2425 964 2477 Corduba
1013 2425 1273 2492 hispalensi
1310 2446 1351 2476 a.
1394 2442 1504 2489 1473.
1580 2423 1723 2474 Haec
1761 2422 1891 2474 enim
1927 2421 2214 2472 invenimus.

488 2516 513 2532 ‘⁴
536 2509 815 2562 Ptolemeus
851 2509 899 2560 in
936 2529 1065 2561 nona
1101 2509 1406 2561 distinctione
1445 2508 1517 2559 sui
1554 2506 1805 2573 almagesti
1843 2505 2052 2572 capitulo
2078 2504 2218 2556 tertio

381 2593 568 2644 scribit:
606 2593 884 2645 Invenimus
920 2593 1139 2660 quinque
1173 2592 1496 2645 revolutiones
1524 2590 1725 2659 epicycli
1753 2589 1963 2641 Veneris
1987 2587 2218 2655 compleri

381 2676 428 2726 in
465 2688 572 2728 octo
610 2677 744 2727 annis
781 2676 1017 2728 solaribus
1044 2677 1255 2744 demptis
1278 2677 1473 2728 duobus
1499 2676 1674 2726 diebus
1713 2686 1760 2725 et
1797 2685 1969 2741 quarta
2006 2671 2131 2723 diei:
2173 2682 2219 2722 et
2273 2681 2275 2683 ’

382 2772 517 2827 parte
544 2761 771 2813 vicesima
797 2761 891 2812 diei
918 2760 1016 2812 fere
1043 2781 1157 2811 cum
1184 2760 1563 2812 revolutiOnibus
1589 2759 1771 2826 equalis
1797 2756 1986 2809 numeri
2012 2776 2219 2807 numero

383 2844 737 2895 revolutionum
765 2845 875 2896 solis
901 2855 1025 2896 octo.
1053 2843 1196 2896 Haec
1222 2844 1513 2901 Ptolomeus
1534 2843 1670 2894 cuius
1692 2842 1961 2894 intellectus
1982 2850 2064 2896 est,
2085 2839 2219 2906 quod

384 2948 536 2979 venus
561 2928 609 2978 in
635 2939 743 2980 octo
771 2928 906 2980 annis
932 2928 1146 2996 complet
1173 2938 1281 2979 octo
1308 2927 1632 2978 revolutiones
1659 2925 1837 2977 zodiaci
1864 2924 1986 2975 sicut
2013 2923 2096 2974 sol.
2129 2921 2220 2972 Est

1166 3061 1212 3096 ἑὲ
1247 3052 1365 3093 XXII
1398 3060 1444 3095 «ὦ
