2339 3382
493 212 618 262 Asin
647 230 762 275 ergo
791 211 865 261 vel
894 209 1022 260 Azin
1050 208 1338 260 censebatur
1365 221 1589 261 centrum
1616 213 1784 263 mundi
1818 212 2015 278 (cupula
2054 214 2224 273 terrae)

387 297 522 363 quod
548 296 674 345 benc
700 294 906 360 explicat
926 293 1174 361 Reynaud
1194 290 1388 357 (Geogl‘.
1415 291 1766 362 cl'Aboulfecla,
1787 314 1886 362 pag
1917 314 2009 359 240
2031 306 2078 345 et
2098 296 2224 359 seg).

388 381 489 431 Indi
513 380 643 431 enim
663 378 987 430 meridianum
1007 378 1270 429 centralem
1292 388 1560 443 posuerunt
1588 378 1636 428 in
1663 378 1852 430 civitate
1883 374 2068 444 Odjein
2094 378 2225 429 unde

388 464 536 521 Azin3
563 473 611 513 at
636 463 948 513 Ptolomoeus
987 481 1101 512 eum
1139 461 1338 511 transire
1377 460 1570 511 dicebat
1610 481 1697 528 per
1733 462 1983 529 quandam
2021 461 2226 512 insulam

388 568 540 614 prope
579 547 874 613 Zanguebar
912 546 1090 596 dictam
1128 556 1259 589 ἓσσιιά-
1298 544 1520 596 Primum
1557 556 1724 596 autem
1762 545 2084 596 meridianum
2122 565 2226 596 cen-

385 632 521 682 sebat
558 631 641 698 qui
680 630 844 680 transit
900 649 987 696 per
1030 629 1207 680 insulas
1260 627 1563 686 Fortunatas,
1614 648 1743 680 nunc
1795 627 2029 679 Canai-ias
2079 628 2223 693 (long.

386 722 442 776 17⁰
469 713 532 780 45'
560 714 632 777 30⁰
668 714 754 766 W.
792 714 974 775 Paris).

490 799 776 865 Longitudo
788 797 1235 864 Montispessulani‚
1256 795 1485 848 hebraico
1497 815 1723 847 sermone
1742 794 2028 853 Montanae,
2050 793 2228 857 (Mont-

387 883 568 951 pellier)
607 883 859 949 adsignata
895 882 958 932 ab
996 880 1240 931 hodiernis
1279 899 1518 946 cosmogr.
1561 890 1631 930 est
1668 886 1701 930 1⁰
1734 878 1789 941 32'
1824 877 1896 944 34''
1927 878 1992 936 E.
2031 877 2226 929 Parisii:

386 967 584 1018 latitudo
623 986 738 1017 vero
777 973 851 1030 43⁰
884 963 945 1026 36'
974 963 1055 1029 44⁰
1096 963 1249 1014 Nord.
1291 964 1454 1014 Distat
1494 983 1611 1030 ergo
1649 964 1711 1014 ab
1749 964 1912 1014 insulis
1950 962 2228 1013 Fortunatis

384 1051 483 1102 fere
511 1070 568 1101 20
595 1050 778 1117 gradus
807 1069 904 1100 non
942 1068 1002 1100 22.
1045 1047 1247 1100 Clavius
1284 1047 1402 1098 item
1439 1048 1487 1098 in
1524 1068 1700 1099 eornm.
1740 1048 1789 1098 in
1815 1047 2061 1114 Spheram
2096 1046 2226 1097 Ioan.

386 1137 448 1186 de
493 1135 644 1185 Sacro
689 1135 847 1184 Bosco
893 1132 1040 1183 habet
1086 1133 1213 1199 long.
1253 1131 1570 1198 Montispess.
1611 1139 1676 1182 220
1713 1130 1760 1193 15'
1800 1142 1847 1182 et
1884 1131 1998 1182 latit.
2040 1137 2116 1195 43⁰
2152 1128 2226 1181 10'.

386 1217 706 1270 Manifestum
744 1237 861 1284 ergo
900 1228 971 1267 est
1009 1217 1143 1282 quod
1183 1227 1461 1266 extremum
1499 1216 1798 1267 occidentale
1835 1215 2006 1266 mundi
2051 1214 2229 1265 habita-

385 1302 491 1353 bilis
533 1322 630 1352 non
676 1302 802 1353 bene
849 1299 1100 1366 cognitum
1140 1310 1253 1351 erat.
1295 1299 1480 1351 Notatu
1519 1320 1717 1367 quoque
1756 1299 1962 1365 dignum
2001 1304 2097 1363 148⁰
2133 1318 2231 1348 una

386 1407 500 1437 cum
537 1392 615 1443 22⁰,
656 1386 838 1451 gradus
876 1403 949 1445 170
987 1395 1179 1435 tantum
1217 1384 1472 1436 conficere.

495 1508 581 1551 Pag.
607 1511 636 1545 2,
662 1508 719 1538 lin.
745 1511 801 1547 45.
828 1532 834 1538 .
849 1532 856 1538 .
872 1532 878 1538 .
895 1506 1160 1538 Advertendum
1180 1514 1296 1538 tamen
1313 1506 1408 1548 quod
1432 1507 1466 1537 in
1484 1506 1603 1538 tabula
1622 1506 1725 1537 medii
1742 1512 1854 1537 motus
1870 1507 1974 1537 lunae
1993 1506 2038 1536 ad
2054 1505 2232 1536 invenien-

387 1560 468 1591 dum
486 1565 620 1590 tantum
644 1559 795 1590 medium
812 1558 884 1589 eius
909 1564 1037 1588 motum
1063 1564 1200 1599 oportet
1225 1558 1308 1589 addi
1334 1558 1349 1592 7
1367 1558 1498 1600 gradus
1524 1564 1557 1589 et
1574 1560 1615 1589 40
1633 1558 1774 1596 minuta,
1793 1557 1885 1599 quod
1903 1568 1969 1589 non
1986 1563 2125 1598 oportet
2141 1557 2167 1587 si
2187 1556 2232 1587 ad

385 1610 627 1641 inveniendum
646 1620 765 1641 verum
783 1609 902 1650 locum
917 1610 987 1640 eius
1005 1609 1118 1640 addas
1135 1609 1164 1640 ei
1182 1610 1298 1641 statim
1317 1609 1557 1651 equacionem.
1574 1609 1613 1640 In
1631 1608 1759 1640 tabulis
1776 1614 1891 1640 autem
1909 1608 2105 1650 argumenti
2130 1607 2231 1638 lunae

384 1661 537 1693 invenies
553 1661 640 1692 duos
658 1660 796 1692 ordines
810 1661 1019 1692 minutorum
1033 1671 1137 1702 super
1150 1660 1357 1702 scripturam
1371 1660 1538 1692 mensium
1552 1659 1741 1702 positorum
1756 1670 1901 1702 quorum
1914 1659 2070 1700 superior
2083 1658 2233 1692 ostendit

388 1723 565 1743 numerum
588 1711 675 1743 ferie
693 1711 726 1742 in
744 1722 813 1753 qua
838 1711 986 1753 quilibet
1012 1711 1137 1742 mensis
1161 1712 1291 1742 lunaris
1317 1711 1533 1754 ingrediatur
1557 1711 1648 1742 diem
1672 1711 1796 1742 mensis
1820 1710 1959 1742 solaris:
1985 1710 2127 1741 inferior
2151 1719 2232 1740 vero

388 1763 540 1794 ostendit
564 1769 669 1804 quota
695 1763 750 1794 die
776 1763 901 1794 mensis
926 1763 1048 1793 solaris
1074 1762 1129 1799 vel
1152 1763 1283 1793 romani
1309 1762 1503 1805 ingreditur
1527 1762 1655 1793 lunaris
1680 1772 1831 1793 mensem
1856 1761 1914 1804 qui
1940 1761 2231 1793 subscribitur...

389 1814 486 1846 Ordo
512 1824 660 1856 namque
685 1814 892 1846 minutorum
916 1814 948 1844 in
973 1814 1086 1854 prima
1110 1814 1278 1855 superiori
1302 1813 1392 1845 linea
1418 1813 1607 1854 positorum
1631 1814 1665 1844 in
1690 1813 1846 1844 omnibus
1877 1812 2005 1844 tabulis
2037 1811 2234 1854 argumenti

389 1865 549 1897 desinunt
575 1865 684 1905 primo
710 1865 778 1896 diei
804 1865 930 1896 mensis
955 1865 1084 1896 lunaris
1107 1865 1139 1895 in
1164 1865 1260 1896 cuius
1285 1864 1398 1896 medio
1416 1869 1468 1895 est
1484 1863 1669 1905 oppositio,
1686 1863 1720 1895 in
1736 1864 1802 1894 fine
1819 1873 1902 1894 vero
1919 1862 2117 1894 coniunctio
2134 1862 2233 1893 lumi-

389 1916 520 1947 narium
547 1915 602 1946 vel
627 1915 768 1948 circiter
794 1921 827 1946 et
850 1915 1044 1947 huiusmodi
1063 1921 1142 1946 sunt
1159 1915 1208 1946 illi
1228 1914 1284 1946 ubi
1302 1915 1469 1946 videlicet
1484 1915 1518 1946 in
1535 1915 1671 1946 minutis
1689 1914 2016 1956 proporcionalibus
2032 1914 2185 1945 invenies
2201 1913 2233 1944 Ο.

496 2021 631 2072 Cum
669 2021 892 2089 aequatio
937 2021 1211 2089 argumenti
1257 2021 1398 2072 lunae
1437 2040 1535 2071 non
1574 2020 1630 2071 sit
1668 2020 1820 2071 maior
1856 2037 1878 2081 7
1915 2019 2147 2087 gradibus
2186 2029 2233 2069 et

393 2125 459 2170 40
497 2105 611 2156 min.
651 2105 698 2155 in
736 2105 910 2156 tabulis
949 2105 1095 2156 medii
1135 2116 1293 2155 motus
1333 2105 1521 2157 numeri
1561 2103 1780 2155 diminuti
1819 2114 1930 2154 sunt
1966 2109 2013 2163 7g
2042 2112 2090 2152 et
2119 2108 2229 2166 40³¹,

393 2192 456 2241 ita
481 2201 534 2240 ut
561 2189 784 2256 aequatio
821 2209 1012 2256 argum.
1042 2209 1237 2256 semper
1274 2189 1503 2241 addenda
1529 2189 1610 2247 sit;
1639 2207 1892 2255 nunquam
1929 2198 2094 2237 autem
2126 2185 2233 2236 sub-

393 2274 642 2325 trahenda.
683 2273 910 2325 Tabulae
947 2273 1222 2338 argumenti
1260 2273 1402 2324 lunae
1442 2272 1690 2323 ordinatae
1727 2282 1840 2322 sunt
1875 2271 2008 2322 iuxta
2039 2289 2232 2321 menses

393 2359 599 2415 lunares,
640 2377 738 2424 qua
782 2357 844 2409 de
896 2378 946 2409 re
997 2358 1225 2409 columna
1275 2358 1432 2424 prima
1482 2355 1658 2407 indicat
1709 2355 2005 2407 lunationem
2055 2352 2234 2404 mensis

393 2441 567 2492 Marcii
606 2462 647 2492 a.
688 2459 813 2502 1300.
855 2441 1099 2492 mensium
1137 2442 1420 2508 positorum,
1441 2460 1676 2491 numerus
1713 2438 1905 2490 inferior
1941 2457 1988 2488 22
2026 2435 2234 2489 ostendit

393 2525 527 2593 quod
564 2524 721 2591 prima
759 2524 860 2575 dies
899 2526 1039 2576 lunae
1079 2535 1150 2575 est
1188 2524 1290 2576 dies
1324 2544 1371 2574 22
1405 2523 1584 2575 mensis
1610 2522 1799 2579 Marcii,
1826 2521 2043 2588 superior
2069 2530 2234 2571 autem

392 2608 570 2659 indicat
605 2608 773 2659 feriam
810 2609 858 2658 in
895 2628 993 2675 qua
1030 2608 1194 2675 incipit
1232 2607 1411 2659 mensis
1447 2607 1639 2658 lunaris.
1683 2606 1805 2658 Dies
1842 2624 1958 2672 ergo
1985 2624 2033 2655 22
2058 2602 2233 2654 Marcii

396 2711 503 2753 1300
530 2691 615 2742 fuit
634 2691 749 2743 feria
769 2710 815 2753 3:
839 2703 886 2742 et
906 2691 1110 2758 proinde
1136 2692 1347 2759 primam
1367 2692 1499 2743 diem
1520 2690 1683 2742 mareii
1703 2699 1893 2757 oportet
1918 2687 2166 2739 inchoasse
2186 2686 2234 2736 in
2265 2687 2268 2690 ⁴

393 2775 474 2827 fer.
506 2782 559 2826 2²¹.
601 2774 756 2840 Quod
793 2775 1136 2841 accipiendum
1164 2786 1234 2827 est
1259 2775 1393 2826 iuxta
1420 2773 1786 2841 explanationes
1812 2771 2035 2839 superius
2070 2770 2230 2821 factas.

326 2916 329 2918 ,
394 2859 533 2909 quta
569 2859 910 2910 Ptolomaeum
947 2859 1060 2909 luna
1097 2868 1322 2909 movetur
1355 2877 1453 2910 non
1491 2857 1648 2907 solum
1674 2875 1821 2923 super
1847 2855 2060 2922 aliquem
2086 2853 2230 2904 circu-

395 2943 499 2993 lum
538 2943 862 2994 eccentricum
899 2943 985 2993 sed
1023 2942 1069 2992 in
1107 2941 1304 3008 proprio
1342 2960 1541 3008 quoque
1580 2940 1821 3007 epicyclo;
1885 2947 2234 3004 argumentum

1196 3066 1438 3110 ¹÷÷XX«><·¹
