2339 3382
488 185 574 228 Pag.
600 188 631 222 2,
655 186 713 217 lin.
739 194 792 225 29.
819 185 979 216 ...Istud
1005 185 1188 216 almanach
1213 185 1396 226 Prophacii
1421 185 1535 217 iudaei
1560 187 1756 218 ordinatum
1787 195 1838 220 est
1861 189 1933 220 sive
1958 190 2090 222 factum
2115 201 2218 233 super

378 237 495 268 villam
513 235 817 277 Montispessulani
843 235 888 266 ad
907 236 1085 267 meridiem
1102 236 1171 268 diei
1187 236 1277 267 illius
1303 236 1360 277 qui
1384 237 1538 268 secunda
1563 236 1646 268 feria
1670 239 1873 271 nominatur.
1895 259 1930 263 —
1951 241 2007 272 lin.
2033 251 2090 281 33.
2115 266 2123 274 .
2139 266 2167 274 ..
2182 237 2218 273 In

374 288 439 319 isto
463 293 579 319 autem
604 287 771 327 incipiunt
796 296 915 317 omnes
940 287 1173 318 revolutiones
1198 288 1417 329 planetarum
1443 288 1486 319 ab
1514 299 1602 320 anno
1620 290 1754 321 Domini
1772 292 1877 323 nostri
1896 293 1972 324 Iesu
1992 292 2118 324 Christi
2136 295 2219 325 1300

374 344 408 370 et
425 350 444 369 a
463 339 573 379 prima
591 338 645 369 die
663 336 796 368 Marcii.
814 355 849 360 -
866 337 926 368 lin.
945 348 996 378 41.
1016 362 1023 369 .
1038 361 1045 369 .
1061 362 1067 368 .
1084 337 1256 370 Numerus
1280 349 1362 371 vero
1387 339 1558 382 graduum
1584 346 1618 371 et
1643 341 1849 374 minutorum
1875 343 1931 385 qui
1948 343 1981 374 in
1999 344 2133 376 directo
2150 344 2219 375 die-

374 400 447 420 rum
480 389 648 430 reperitur
680 389 869 429 respondet
894 389 1037 420 ultimae
1055 389 1122 420 diei
1147 390 1277 421 denarii
1303 391 1357 422 vel
1383 390 1528 432 quinarii
1552 391 1598 422 ad
1622 391 1799 424 meridiem
1822 393 2140 435 Montispessulani,
2157 405 2219 436 per

374 449 590 481 consequens
614 439 742 482 gradus
767 444 801 470 et
826 439 954 470 minuta
979 439 1185 471 intermedia
1210 441 1486 482 correspondent
1501 441 1621 473 diebus
1639 442 1850 476 intermediis
1867 446 2055 477 secundum
2073 456 2220 487 propor-

376 500 508 522 cionem
533 500 662 521 eorum.

481 616 712 668 Arbitror
750 617 1035 684 scriptorem
1075 638 1320 669 canonum
1358 619 1575 677 istorum,
1617 619 1717 687 (qui
1754 631 1883 672 certe
1928 619 2105 671 Christi
2152 641 2218 672 as-

375 701 502 753 secla
538 700 650 751 fuit:
691 701 805 752 dicit
843 700 970 752 enim
1010 702 1073 753 ab
1111 722 1240 753 anno
1277 703 1397 754 D.ni
1437 703 1583 753 nostri
1612 702 1651 766 J.
1683 702 1823 766 Chr.)
1855 704 2089 756 indicasse
2123 725 2217 756 me-

376 785 548 836 ridiem
585 785 679 836 diei
716 784 852 842 illius,
887 785 969 853 qui
1003 786 1222 837 secunda
1246 786 1362 838 feria
1387 788 1663 838 nominatur
1689 809 1730 839 a.
1761 806 1886 849 1300,
1915 808 1977 840 ne
2003 788 2217 839 confusio

375 870 578 921 oriretur
617 880 664 921 et
701 881 1010 921 momentum
1043 871 1170 922 bene
1205 870 1530 938 significatum
1556 871 1678 924 foret
1705 872 1754 922 in
1780 892 1878 940 quo
1904 872 2067 939 incipit
2092 892 2218 924 com-

374 964 523 1020 putus
561 953 828 1005 almanach.
871 954 1125 1021 Astrologi
1164 955 1294 1006 enim
1328 955 1561 1021 temporis
1586 955 1708 1006 illius
1737 955 1992 1007 exordium
2018 967 2217 1006 sumunt

374 1037 468 1088 diei
506 1057 534 1088 a
570 1037 772 1088 meridie
823 1038 1163 1104 praecedentis
1202 1038 1296 1090 diei
1332 1039 1577 1097 nominati,
1617 1039 1681 1090 ita
1712 1050 1771 1102 ut
1806 1040 1994 1090 initium
2030 1039 2216 1107 primae

374 1121 468 1172 diei
506 1120 681 1172 Marcii
720 1121 777 1171 sit
815 1121 1042 1174 meridies
1079 1122 1233 1173 ultimi
1271 1123 1365 1174 diei
1402 1123 1642 1175 februarii.
1682 1123 1878 1175 Literae
1906 1123 2217 1175 dominicales

373 1226 414 1256 a.
444 1223 568 1266 1300,
599 1205 866 1263 bissextilis,
896 1206 964 1257 uti
998 1206 1047 1256 in
1080 1206 1333 1258 almanach
1366 1206 1471 1274 ipso
1505 1208 1758 1274 reperitur,
1795 1218 1906 1258 sunt
1939 1228 1979 1259 c.
2008 1207 2056 1259 b.
2092 1207 2216 1258 Dies

373 1300 538 1341 autem
575 1295 628 1340 28
664 1288 920 1341 Februarii
958 1290 1008 1340 in
1045 1290 1341 1342 Kalendario
1378 1291 1566 1343 obtinet
1601 1292 1789 1344 literam
1825 1313 1879 1343 c:
1920 1292 2022 1344 dies
2050 1311 2105 1357 29
2129 1291 2216 1342 fuit

374 1391 492 1439 ergo
518 1372 634 1424 feria
666 1374 883 1424 secunda
921 1384 969 1425 et
1006 1373 1165 1441 prima
1201 1374 1305 1425 dies
1343 1373 1519 1425 Marcii
1557 1397 1599 1426 a.
1640 1394 1750 1437 1300
1787 1374 1902 1426 feria
1939 1382 1994 1436 3³,
2019 1373 2106 1426 etsi
2140 1374 2220 1425 ini-

373 1456 496 1507 tium
522 1456 617 1508 diei
643 1457 765 1508 illius
792 1457 1030 1509 habeatur
1057 1458 1107 1508 in
1144 1458 1361 1510 secunda
1398 1458 1513 1509 feria
1550 1458 1900 1526 praecedentis.
1940 1458 1992 1510 Si
2029 1466 2070 1509 2a
2106 1458 2222 1510 feria

372 1539 606 1592 indicaret
642 1541 854 1608 primam
880 1541 1013 1593 diem
1039 1541 1216 1593 Marcii
1245 1562 1306 1593 ex
1330 1563 1466 1594 more
1495 1543 1868 1610 computationis
1905 1554 2097 1595 nostrae
2124 1563 2221 1594 non

373 1623 651 1689 contigisset
686 1626 780 1677 hoc
817 1625 906 1676 nisi
942 1625 992 1676 in
1029 1646 1158 1676 anno
1195 1631 1296 1691 1298
1333 1627 1411 1678 vel
1448 1644 1561 1688 1305.
2137 1697 2140 1700 ψ

479 1708 763 1777 Computus
801 1709 953 1761 maior
991 1709 1239 1778 Campani
1275 1712 1324 1762 in
1362 1731 1467 1764 rem
1505 1723 1723 1763 nostram
1760 1712 1882 1764 haec
1918 1711 2166 1779 adiungit:

481 1878 572 1910 Anni
598 1886 714 1911 autem
739 1891 963 1912 romanorum
987 1882 1109 1923 quibus
1133 1887 1276 1913 sanctae
1301 1881 1518 1914 Christianae
1542 1883 1622 1914 fidei
1648 1883 1863 1923 professores
1886 1889 2027 1915 utuntur
2057 1888 2136 1914 sunt
2163 1891 2219 1912 so-

372 1930 462 1960 lares
486 1940 564 1962 cum
590 1936 734 1972 quarta:
767 1937 801 1962 et
834 1931 887 1962 isti
921 1932 1015 1973 apud
1042 1932 1199 1964 diversos
1224 1932 1440 1965 orthodoxos
1463 1933 1594 1965 habent
1618 1933 1758 1965 diversa
1782 1934 1962 1975 principia.
1988 1934 2078 1965 Nam
2102 1932 2221 1964 italica

372 1991 456 2022 gens
475 1981 653 2024 antiquum
674 1992 894 2013 romanorum
920 1994 1048 2015 morem
1072 1984 1106 2015 in
1129 1994 1220 2015 anno
1245 1984 1435 2016 observans
1460 1995 1480 2015 a
1504 1984 1676 2016 Kalendis
1694 1985 1859 2016 mensium
1884 1985 1946 2025 (sic
1969 1985 2100 2016 romani
2126 1984 2220 2016 fece-

373 2038 451 2063 runt
475 2033 555 2064 anni
580 2033 800 2074 principium)
826 2044 933 2065 annos
958 2034 1096 2076 incipit:
1127 2035 1274 2075 primum
1293 2035 1424 2066 dierum
1443 2045 1607 2066 annorum
1626 2034 1752 2066 Christi
1770 2045 1902 2076 ponens
1919 2035 2106 2077 quamdam
2132 2034 2222 2066 diem

371 2082 512 2114 sabbati
531 2094 550 2114 a
569 2094 636 2125 qua
653 2083 776 2126 incipit
792 2085 968 2126 proximus
994 2086 1176 2127 Januarius
1203 2085 1411 2117 antecedens
1436 2086 1652 2117 nativitatem
1676 2085 1813 2117 Christi.
1839 2086 1926 2118 Cum
1951 2086 2040 2117 enim
2057 2085 2220 2117 Salvator

372 2134 406 2163 in
430 2144 521 2165 anno
546 2134 607 2165 illo
644 2141 782 2177 sumpto
819 2137 1009 2167 secundum
1046 2136 1224 2178 antiquum
1258 2147 1480 2168 romanorum
1503 2148 1632 2169 morem
1657 2137 1749 2168 circa
1772 2137 1873 2169 finem
1898 2137 1970 2168 eius
1999 2147 2060 2177 per
2087 2142 2218 2178 septem

372 2185 446 2216 dies
471 2192 570 2216 natus
593 2185 717 2217 fuerit:
744 2191 880 2218 constat
904 2188 997 2229 quod
1020 2197 1128 2219 annus
1145 2187 1203 2218 ille
1220 2187 1350 2228 primus
1368 2194 1419 2219 est
1436 2198 1603 2220 annorum
1621 2188 1748 2220 domini
1774 2198 1814 2219 eo
1839 2188 1934 2230 quod
1957 2188 2032 2229 ipse
2055 2188 2104 2219 illi
2129 2198 2220 2219 anno

374 2235 522 2275 primum
547 2237 698 2268 humana
723 2246 828 2269 carne
852 2238 1005 2269 vestibus
1028 2238 1189 2270 illuxerit.
1214 2237 1259 2270 Et
1281 2238 1344 2270 iste
1369 2239 1492 2270 modus
1516 2239 1703 2270 inchoandi
1727 2249 1834 2270 annos
1855 2239 1984 2270 domini
2008 2239 2220 2270 communior

373 2292 426 2318 est
457 2293 599 2328 propter
631 2287 905 2319 conformitatem
939 2289 1009 2321 eius
1043 2300 1119 2321 cum
1152 2289 1295 2332 antiquo
1327 2300 1494 2321 annorum
1527 2290 1704 2332 principio,
1730 2290 1822 2320 unde
1851 2290 1953 2320 etiam
1978 2290 2091 2321 adhuc
2118 2289 2220 2330 (sicut

374 2337 575 2378 antiquitus)
591 2338 841 2371 Kalendarium
859 2350 878 2370 a
896 2339 1060 2381 Januario
1077 2341 1198 2381 incipit
1223 2346 1255 2372 et
1279 2341 1312 2371 in
1337 2341 1559 2373 decembrem
1584 2341 1710 2372 finitur.
1735 2339 1870 2372 Aureus
1895 2351 2034 2382 quoque
2058 2350 2220 2372 numerus

373 2388 562 2430 clavesque
590 2389 752 2421 festorum
777 2391 951 2422 mobilium
977 2403 996 2422 a
1022 2392 1244 2423 Kalendariis
1268 2391 1421 2433 Januarii
1444 2392 1633 2423 variantur.
1658 2392 1787 2423 Sancta
1812 2402 1896 2422 vero
1912 2402 2053 2423 romana
2071 2391 2220 2423 eeclesia

374 2439 476 2480 (quae
501 2439 645 2470 aliarum
670 2441 820 2472 omnium
845 2448 955 2473 mater
979 2449 1031 2474 est
1057 2448 1090 2474 et
1114 2443 1294 2485 magi-stra)
1318 2442 1518 2474 familiarius
1543 2452 1651 2474 annos
1668 2443 1740 2474 eius
1758 2442 1982 2473 denominans
2007 2442 2051 2473 ab
2074 2441 2133 2474 illa
2157 2442 2220 2473 hu-

376 2490 465 2520 mani
497 2491 634 2533 generis
667 2493 945 2524 reverentissima
977 2493 1054 2531 die,
1087 2494 1314 2535 daemonibus
1347 2499 1462 2525 autem
1493 2494 1686 2531 tremenda,
1719 2504 1788 2536 qua
1819 2492 1965 2525 Creator
1995 2493 2070 2534 ipse
2104 2503 2217 2526 rerum

375 2541 522 2572 omnium
547 2542 610 2574 Dei
635 2543 722 2575 filius
747 2544 905 2576 Christus
926 2545 1022 2586 Jesus
1051 2545 1094 2576 de
1126 2545 1278 2587 gloriosa
1309 2555 1445 2585 semper
1477 2544 1609 2587 virgine
1641 2543 1754 2576 Maria
1785 2545 1923 2586 spiritus
1955 2544 2218 2576 obumbratione

375 2602 515 2624 carnem
539 2594 672 2635 recepit
696 2594 882 2627 humanam
908 2602 941 2627 et
964 2596 1066 2627 homo
1091 2596 1204 2627 sactus
1229 2602 1291 2634 est,
1317 2596 1410 2637 quod
1434 2595 1499 2627 fuit
1521 2596 1554 2626 in
1579 2596 1730 2637 quodam
1754 2596 1889 2627 veneris
1907 2595 1973 2633 die,
1997 2601 2121 2627 octavo
2144 2596 2217 2627 Ka-

374 2642 483 2673 lendis
503 2643 652 2685 Januarii
675 2655 801 2676 novum
828 2657 953 2677 annum
977 2647 1108 2688 incipit.
1135 2646 1216 2683 Quo
1242 2647 1382 2688 quidem
1406 2647 1575 2688 principio
1600 2647 1777 2689 gallicana
1801 2653 1834 2678 et
1858 2647 2043 2690 anglicana
2067 2647 2218 2679 ecclesia

374 2693 503 2735 aliique
527 2696 716 2736 scriptores
740 2698 858 2728 matris
883 2708 1047 2730 romanae
1072 2709 1204 2729 morem
1227 2703 1413 2739 sequentes
1438 2708 1505 2729 non
1530 2697 1681 2729 absurde
1704 2704 1856 2736 utuntur,
1874 2708 2084 2740 quamquam
2099 2698 2147 2730 eis
2160 2708 2218 2729 ac-
2256 2695 2260 2698 ⁴

375 2744 468 2776 cidat
491 2756 600 2777 annos
616 2757 680 2788 per
698 2748 864 2779 mensium
887 2748 1122 2791 integritatem
1146 2759 1212 2780 non
1238 2748 1345 2779 dividi
1370 2759 1433 2780 nec
1458 2748 1502 2780 ab
1527 2749 1672 2780 alicuius
1697 2749 1823 2780 mensis
1848 2749 2020 2790 principio
2043 2749 2217 2781 inchoare.

375 2796 460 2827 Sunt
485 2807 624 2838 quoque
649 2799 805 2830 nonnulli
829 2800 886 2841 qui
911 2800 954 2831 ab
979 2800 1055 2841 ipsa
1079 2800 1133 2831 die
1162 2799 1354 2831 nativitatis
1387 2799 1456 2830 d.ni
1487 2809 1626 2831 suorum
1658 2810 1825 2831 annorum
1858 2799 1980 2831 volunt
2011 2800 2216 2841 principium

374 2857 521 2879 sumere.
544 2848 746 2879 Astronomi
767 2861 850 2881 vero
874 2861 895 2880 a
919 2849 1087 2882 Kalendis
1118 2851 1254 2882 ᾹΙανίίί
1280 2861 1377 2882 suum
1409 2861 1536 2881 annum
1569 2851 1743 2893 incipiant
1770 2854 1918 2893 propter
1949 2851 2216 2882 covunoditatem

374 2908 460 2937 quae
476 2899 601 2929 accidit
617 2900 664 2929 cis
682 2900 715 2930 in
733 2902 988 2941 aggregatione
1003 2913 1171 2932 annorum
1189 2901 1458 2932 mensuranlimn
1483 2902 1665 2942 quemlibet
1687 2907 1812 2933 motum
1836 2902 2002 2932 celestium
2027 2905 2215 2945 corporum

376 2949 490 2979 ulll'mo
515 2961 622 2980 mense
645 2951 732 2981 anni
750 2953 861 2992 posito
886 2952 1051 2983 bissextili
1074 2953 1136 2984 die.
1162 2953 1261 2994 (Cap.
1285 2954 1319 2985 X
1344 2953 1378 2983 in
1403 2952 1491 2992 fine).

1155 3062 1199 3096 φ
1236 3052 1367 3092 XVIII
1402 3061 1448 3096 ὠ
