2339 3382
354 176 641 212 revolutionibusf,
667 181 780 205 tamen
806 180 942 204 constat
966 172 1060 214 quod
1085 169 1307 203 consimiliter
1324 170 1448 201 crescit
1467 175 1499 200 et
1516 168 1688 200 decrescit
1705 174 1943 212 argumentum
1962 178 2091 205 eorum,
2108 168 2194 198 sicut

353 235 469 259 notum
487 233 538 258 est
555 226 673 268 peritis
690 226 723 255 in
741 224 884 255 scientia
900 225 976 261 ista,
995 223 1087 265 quod
1105 223 1185 264 quia
1202 222 1350 252 forsitan
1368 230 1434 251 non
1453 219 1654 256 advertitur,
1673 228 1768 250 error
1785 218 1952 249 maximus
1977 216 2197 248 causabatur.

467 279 522 319 (ln
547 276 749 313 canonibus).
775 275 936 317 Sequitur
962 280 1074 305 autem
1099 273 1192 305 istud
1217 271 1400 304 almanach
1426 270 1564 301 modum
1593 269 1683 301 illius
1713 280 1815 311 quem
1847 268 1926 300 fecit
1958 268 2199 300 Ptholemaeus

355 331 399 361 ad
427 329 649 370 Cleopatram
675 328 778 358 filiam
804 336 901 357 suam
926 326 987 358 sed
1010 325 1043 356 in
1069 325 1150 356 luna
1175 323 1440 356 diversificatur.

441 469 576 520 -Vox
614 467 881 517 almanach
921 487 982 518 ex
1016 466 1164 517 arabo
1193 465 1327 516 iuxta
1365 463 1464 514 vim
1490 461 1627 514 verbi
1654 461 1890 529 significat
1916 460 2099 511 librum
2126 479 2202 510 m-

356 555 570 603 ilenum:
607 562 655 602 at
691 551 739 601 in
765 551 859 602 hoc
886 570 1002 602 casu
1035 560 1300 616 usurpatur
1334 567 1423 615 pro
1456 545 1634 598 tabulis
1661 545 1990 596 astronomicis
2022 545 2070 596 in
2102 545 2200 613 qui-

357 639 452 688 bus
490 637 553 687 de
590 635 669 686 die
706 636 754 685 in
793 635 926 686 diem
958 634 1251 685 adnotantur
1284 633 1388 683 loca
1422 630 1560 688 Solis,
1593 630 1767 681 Lunae
1802 639 1848 680 et
1873 628 2199 680 Planetarum.

358 721 556 773 Eodem
583 719 856 785 significatu
884 718 1079 769 tabulae
1108 717 1276 768 Zacuti
1306 715 1576 783 appellatae
1610 724 1721 764 sunt
1754 712 2006 764 almanach
2034 732 2205 779 perpe·

359 817 513 856 tuum.
546 804 726 855 Annus
765 821 1109 854 saracenorum
1147 819 1249 865 400
1287 799 1452 866 incipit
1489 798 1567 849 die
1605 816 1663 847 20
1696 796 1805 860 Julii
1838 817 1879 847 a.
1922 786 2204 846 1008aerae

360 888 596 955 vulgaris:
631 888 888 939 Armenus
925 887 1000 937 ille
1040 905 1157 952 ergo
1196 906 1237 936 a.
1278 903 1419 936 aerae
1457 882 1589 947 vulg.
1631 886 1746 931 1008
1785 880 1959 932 floruit.

464 972 519 1022 In
555 967 731 1022 tabulis
768 969 1036 1022 Ptolomaei
1076 969 1380 1036 aliorumque
1418 977 1809 1017 astronomorum
1842 965 1986 1015 datur
2014 963 2218 1023 medius,

361 1067 521 1107 motus
559 1055 682 1113 solis,
724 1055 866 1105 lunae
905 1063 952 1104 et
990 1054 1296 1120 planetarum
1328 1052 1376 1102 in
1410 1050 1609 1117 singulis
1636 1049 1786 1107 annis,
1817 1048 2080 1105 mensibus,
2111 1047 2206 1098 die-

360 1141 453 1191 bus
492 1150 538 1191 ct
574 1139 719 1190 horis.
761 1139 835 1188 At
873 1138 1180 1204 planetarum
1218 1155 1388 1187 cursus
1425 1134 1559 1185 haud
1598 1144 1669 1184 est
1702 1132 1929 1200 aequalis
1970 1132 2056 1183 sed
2083 1131 2206 1182 inae-

362 1224 614 1292 qualitates
641 1222 790 1273 habet
816 1221 1086 1278 nonnullas,
1117 1221 1267 1271 modo
1295 1220 1343 1270 in
1370 1218 1636 1286 augmento
1674 1216 1821 1269 medii
1859 1226 2036 1273 motUS‚
2059 1215 2208 1265 modo

362 1310 409 1359 in
446 1306 779 1363 diminutione,
821 1326 947 1374 quae
986 1305 1190 1372 quidem
1223 1303 1590 1371 inaequalitates
1617 1301 1925 1368 corriguntur
1949 1320 2039 1367 per
2065 1317 2208 1364 argu-

363 1399 579 1441 mentmn
634 1391 681 1441 in
724 1389 898 1441 iisdem
943 1389 1118 1440 tabulis
1156 1389 1458 1439 denotatum.
1498 1386 1551 1437 In
1590 1405 1852 1452 progressu
1891 1395 2056 1436 autem
2093 1394 2209 1435 tem-

364 1476 492 1543 poris
531 1475 676 1527 etiam
713 1484 1063 1541 argumentum
1100 1472 1265 1524 variat.
1307 1471 1591 1538 Computus
1630 1488 1748 1536 ergo
1781 1469 1869 1520 loci
1903 1469 2208 1535 planetarum

364 1561 427 1611 ita
453 1561 636 1611 arduus
663 1569 709 1610 et
735 1558 924 1624 longus,
954 1567 1008 1608 ut
1033 1557 1194 1608 multis
1221 1566 1330 1623 post
1363 1555 1499 1606 annis
1532 1553 1726 1605 tabulae
1762 1553 1897 1620 ipsae
1934 1552 1983 1603 in
2022 1571 2208 1604 errores

365 1645 595 1695 inducant
632 1643 720 1693 nisi
744 1643 793 1693 in
820 1641 874 1692 iis
896 1641 1225 1692 'correctiones
1263 1640 1394 1691 fiant.
1435 1639 1591 1690 Adde
1628 1657 1829 1706 quoque
1856 1637 1990 1704 quod
2017 1635 2208 1688 numeri

365 1728 494 1779 initio
532 1727 673 1795 positi
712 1725 988 1777 difficillime
1029 1745 1089 1776 ex
1127 1724 1267 1776 rectis
1304 1722 1726 1775 observationibus
1763 1720 2043 1789 deprompti
2080 1730 2206 1771 sunt.

471 1810 717 1862 Profacius
754 1830 842 1860 suo
879 1808 1134 1861 almanach
1172 1827 1355 1859 nomen
1380 1807 1553 1858 indidit
1566 1813 1877 1872 perpetuum,
1919 1805 2033 1872 quia
2070 1803 2211 1855 certis

367 1897 545 1963 regulis
582 1896 644 1946 ab
682 1895 892 1962 ipsomet
915 1893 1112 1961 prolatis
1139 1892 1340 1950 censuit,
1370 1891 1504 1942 nullo
1531 1890 1621 1941 alio
1649 1889 1956 1946 adminicu10,
1986 1889 2033 1939 in
2059 1907 2212 1938 annos

367 1982 648 2031 innumeros
686 1978 865 2030 servire
904 1997 1079 2044 posse;
1121 1977 1255 2044 quod
1294 1975 1498 2043 quidem
1535 1973 1892 2026 fallacissimum
1921 1983 2001 2023 est.

476 2144 562 2187 Pag.
588 2146 617 2181 2,
643 2144 703 2174 lin.
727 2143 780 2175 [ό.
807 2143 888 2174 Ideo
914 2142 990 2185 Ego
1016 2141 1229 2183 Prophacius
1253 2141 1432 2184 judeus...
1456 2140 1635 2183 sequendo
1652 2139 1788 2171 radices
1812 2139 1856 2170 de
1874 2137 2000 2170 tabulis
2025 2137 2214 2169 tholetanis

369 2201 548 2237 acceptas,
574 2196 616 2225 de
641 2204 732 2226 novo
750 2193 842 2225 edidi
860 2194 922 2224 has
940 2193 1078 2225 tabulas
1095 2198 1267 2224 sumentes
1284 2191 1552 2233 computationis
1567 2191 1747 2223 exordium
1764 2190 1808 2222 ab
1827 2200 1918 2221 anno
1942 2188 2214 2221 Christianorum

375 2248 455 2278 1300
480 2258 499 2277 a
523 2246 633 2287 prima
659 2245 714 2277 die
741 2244 863 2277 martii.
911 2244 1021 2276 Docui
1047 2243 1148 2275 etiam
1173 2243 1207 2274 in
1230 2242 1427 2274 tabularum
1450 2242 1592 2274 istarum
1609 2240 1802 2273 canonibus
1819 2240 1958 2272 modum
1975 2245 2009 2271 et
2026 2239 2116 2270 viam
2134 2249 2215 2280 quo-

371 2298 484 2335 modo,
501 2302 676 2328 transacta
700 2295 855 2338 qualibet
880 2295 1092 2327 revolutione
1117 2295 1335 2335 planetarum
1368 2294 1489 2335 prima,
1515 2293 1623 2335 possit
1653 2292 1799 2323 inveniri
1832 2292 1975 2333 planeta
2007 2290 2154 2333 quilibet
2184 2289 2217 2320 in

371 2351 448 2381 loco
464 2348 526 2380 sibi
550 2347 668 2379 debito
692 2348 780 2378 sicut
803 2346 973 2378 invenitur
998 2357 1059 2388 per
1084 2345 1222 2377 tabulas
1247 2345 1427 2378 toletanas.

482 2400 539 2430 lin.
565 2408 619 2438 25.
645 2423 652 2429 .
667 2423 673 2429 .
689 2423 696 2430 .
711 2397 768 2429 Ad
785 2397 1029 2429 inveniendum
1048 2407 1167 2428 verum
1191 2397 1306 2428 locum
1330 2397 1432 2428 lunae
1457 2396 1520 2438 ipsi
1545 2396 1748 2426 invenerunt
1773 2394 1917 2426 brevem
1934 2394 2023 2425 viam
2040 2394 2072 2423 in
2090 2391 2217 2424 tabulis

371 2451 431 2482 sed
455 2451 487 2481 in
515 2450 718 2491 operatione
735 2448 909 2480 difficilem
934 2454 968 2480 et
993 2449 1143 2490 longam.
1169 2447 1243 2479 Nos
1263 2453 1378 2479 autem
1395 2458 1413 2479 e
1431 2457 1599 2479 converso
1620 2446 1759 2477 fecimus
1776 2446 1868 2477 viam
1886 2444 2037 2488 longam,
2056 2444 2137 2485 quia
2155 2453 2217 2484 per

373 2502 496 2533 multas
514 2501 650 2533 tabulas
669 2500 829 2531 diffusam
847 2505 880 2531 et
899 2499 1176 2540 multiplicatam,
1194 2499 1226 2529 in
1245 2499 1447 2541 operatione
1463 2504 1577 2530 autem
1595 2498 1735 2529 brevem
1753 2502 1786 2528 et
1803 2496 1941 2528 facilem
1959 2501 2066 2537 atque
2079 2494 2216 2526 bonam.

479 2632 532 2681 In
569 2630 874 2682 translatione
914 2651 974 2682 ex
1011 2630 1149 2682 hebr.
1190 2650 1442 2682 sermone:

487 2789 639 2821 ...Hinc
665 2789 745 2820 dedi
770 2789 801 2818 in
827 2789 991 2820 honorem
1017 2789 1206 2829 petentium
1231 2800 1250 2820 a
1275 2799 1341 2826 me,
1365 2794 1401 2819 ut
1426 2788 1589 2830 frangam
1614 2787 1751 2818 tabulas
1776 2785 1854 2816 illas
1879 2791 1913 2816 et
1936 2794 2045 2815 novas
2067 2784 2151 2823 (eas)
2167 2783 2219 2814 fa-

376 2842 474 2878 ciam,
499 2841 547 2871 ita
570 2846 607 2870 ut
634 2839 839 2880 principium
865 2840 992 2879 (radix)
1017 2850 1133 2870 earum
1159 2840 1201 2871 sit
1225 2845 1304 2881 post
1332 2839 1415 2870 1300
1441 2848 1548 2869 annos
1565 2836 1811 2868 incarnationis
1829 2836 1880 2876 [In
1898 2845 2008 2877 marg.
2025 2834 2103 2865 cod.
2121 2833 2220 2864 Bodl.

378 2894 391 2908 ‘⁴
410 2892 447 2922 z'd
468 2895 516 2921 vsl
540 2890 580 2921 Λ.
605 2891 698 2929 5060
723 2890 905 2920 creationis
921 2890 951 2930 ..]
986 2896 1019 2920 et
1051 2890 1084 2920 in
1117 2890 1183 2921 fine
1215 2890 1362 2921 scribam
1387 2889 1479 2920 viam
1505 2888 1723 2930 aequationis
1748 2897 1811 2929 pro
1835 2885 1992 2928 qualibet
2016 2885 2120 2917 stella
2145 2890 2224 2925 post

377 2943 509 2983 elapsos
534 2950 640 2972 anuos
665 2940 798 2981 periodi
825 2940 974 2981 scriptae
999 2940 1031 2970 in
1055 2940 1105 2971 his
1131 2941 1266 2972 tabulis.
1291 2940 1504 2982 (Boncomj’.‚
1529 2940 1617 2970 Tom
1643 2939 1705 2976 IX,
1730 2949 1810 2980 pag.
1836 2938 1921 2977 010).

1170 3050 1215 3084 ἑὸ
1251 3041 1347 3081 XVI
1381 3050 1428 3084 κέ·
