2339 3478
393 273 464 304 dies
488 278 521 303 et
546 278 658 302 motus
683 271 727 302 ibi
753 271 912 302 inventus
929 281 1034 311 super
1052 271 1092 302 29
1111 271 1201 303 febr.
1227 277 1261 302 et
1279 281 1385 302 causa
1402 271 1503 302 huius
1521 278 1572 303 est
1600 274 1681 314 quia
1711 275 1894 307 almanach
1920 276 2040 317 incipit
2064 287 2084 307 a
2108 276 2248 309 Marcio

390 331 424 356 et
448 325 526 355 ideo
549 323 746 354 februarius
771 323 828 364 qui
861 328 912 354 est
935 322 968 353 in
993 323 1096 354 tertio
1120 333 1211 354 anno
1235 323 1269 354 in
1294 323 1477 354 almanach
1503 329 1555 355 est
1578 324 1612 355 in
1636 325 1670 356 4⁰
1693 328 1884 359 secundum
1910 327 2106 359 Ecclesiam
2131 333 2167 360 et
2198 336 2250 361 est

389 377 434 407 ibi
460 376 615 407 bisextus
634 382 669 407 et
686 375 791 406 habet
808 376 849 405 29
867 374 951 405 dies.
978 373 1023 405 Et
1047 374 1113 406 hoc
1139 381 1208 406 tam
1231 375 1265 405 in
1290 375 1440 414 planetis
1464 375 1681 408 inferioribus
1704 389 1809 420 quam
1832 379 1866 411 in
1891 379 2138 421 superioribus.

479 429 548 470 Hijs
573 428 683 465 annis,
708 427 841 459 scilicet
867 427 919 464 59,
945 427 1129 467 completis
1154 427 1247 458 adde
1273 427 1351 458 loco
1376 427 1516 458 Saturni
1537 428 1687 471 gradum
1715 432 1727 460 l
1756 436 1790 461 et
1814 432 1944 462 minuta
1968 433 2011 462 30
2036 438 2070 463 et
2093 433 2248 464 invenies

390 482 504 512 locum
522 481 594 511 eius
619 486 783 521 equatum
801 479 847 510 ad
864 479 950 510 alios
968 479 1009 510 59
1027 489 1136 510 annos
1155 485 1189 510 et
1206 480 1298 511 hunc
1317 479 1458 510 modum
1473 480 1584 511 facies
1600 491 1665 521 pro
1683 482 1836 523 qualibet
1859 485 2082 515 reuolucione
2099 485 2248 517 Saturni.

478 533 536 564 Ad
561 533 823 564 rectificandum
847 531 938 562 hanc
964 531 1118 563 tabulam
1144 531 1283 563 Saturni
1309 531 1391 573 quia
1414 532 1586 563 invenitur
1603 533 1792 575 aliquando
1810 535 1958 568 deficere
1975 536 2064 567 sicut
2080 543 2115 568 et
2131 538 2248 569 tabule

386 587 584 623 Tolletane,
609 596 716 626 supra
741 595 826 626 quas
851 585 916 615 hoc
944 583 1140 615 Almanach
1173 584 1349 621 fundatur,
1382 583 1475 615 adde
1501 584 1644 617 cuilibet
1668 585 1746 617 loco
1771 585 1909 618 Saturni
1937 589 1949 618 l
1978 589 2124 630 gradum
2149 595 2183 620 et
2206 591 2247 620 24

390 640 532 669 minuta.

478 691 566 722 Item
592 691 758 722 subtrahe
783 695 926 731 propter
952 689 1157 721 distanciam
1182 689 1491 731 Montispessulani
1517 689 1561 720 ad
1586 689 1784 721 habendum
1809 691 1912 722 situm
1937 691 2088 733 Neapoli
2113 702 2182 723 sec.
2219 694 2250 730 3,

392 751 468 775 tert.
496 746 547 775 40.

478 797 678 828 Secundum
703 794 945 838 Alfraganum‚
970 794 1176 825 Differentia
1198 796 1247 831 14,
1264 794 1434 825 Saturnus
1458 800 1615 825 movetur
1631 794 1664 825 in
1689 805 1750 826 suo
1775 796 1945 836 epieiculo
1963 797 2053 827 omni
2070 797 2124 827 die
2148 803 2248 828 natu-

390 851 454 880 rali
480 850 523 880 de
548 849 703 890 partibus
728 848 778 879 sui
802 848 902 889 parui
927 846 1046 877 circuli
1071 850 1115 877 m.
1142 846 1194 879 27.
1221 845 1264 876 Et
1290 851 1445 877 mouetur
1471 852 1628 878 centrum
1653 847 1825 889 epyciculi
1851 847 1883 878 in
1921 858 1984 879 suo
2020 848 2199 880 deferente
2231 851 2249 879 2

392 914 436 933 m.
464 903 547 933 fere.

976 1005 1018 1048 <E
1039 998 1208 1064 Super
1243 997 1465 1048 tabulam
1506 997 1680 1055 Jouis.

394 1115 509 1197 Hijs
535 1115 643 1152 annis,
667 1116 802 1147 scilicet
828 1117 880 1153 83,
893 1116 1078 1155 completis
1102 1116 1268 1147 subtrahe
1293 1128 1313 1147 a
1338 1118 1416 1149 loco
1439 1128 1502 1149 suo
1527 1119 1569 1148 30
1593 1129 1649 1155 m.‚
1675 1123 1709 1148 et
1726 1123 1806 1148 tunc
1831 1116 1982 1147 inuenies
1998 1117 2109 1157 ipsum
2129 1116 2250 1157 Jouern

497 1167 708 1209 adequatum
735 1168 779 1198 ad
805 1167 889 1199 alios
916 1169 955 1198 83
981 1178 1100 1200 annos.
1134 1168 1179 1199 Et
1210 1169 1258 1200 sic
1283 1169 1392 1200 facies
1425 1180 1486 1211 pro
1519 1170 1672 1212 qualibet
1703 1169 1925 1200 revolucione
1949 1168 2065 1209 ipsius,
2092 1167 2250 1209 Juppiter

390 1231 496 1261 super
520 1231 639 1252 omnes
663 1220 825 1261 planetas
850 1227 902 1252 est
924 1221 1105 1252 benivolus
1131 1227 1165 1252 et
1190 1222 1350 1253 amabilis
1375 1229 1510 1260 natura,
1537 1228 1589 1253 est
1612 1222 1746 1253 calidus
1771 1228 1806 1252 et
1828 1221 1989 1252 humidus
2014 1220 2072 1262 qui
2094 1220 2250 1252 omnibus

392 1272 572 1304 benefacit
597 1278 631 1303 et
656 1273 741 1303 nulli
766 1279 883 1310 nocet3
909 1284 986 1304 cum
1020 1279 1134 1304 autem
1167 1280 1219 1305 est
1243 1274 1276 1304 in
1302 1274 1462 1305 domibus
1486 1274 1553 1306 suis
1577 1269 1667 1305 idest
1691 1274 1843 1315 piscibus
1867 1275 1980 1316 prima
2003 1274 2107 1305 domo
2139 1279 2173 1304 et
2195 1283 2250 1305 sa-

390 1326 542 1368 giptario
566 1327 723 1357 secunda
747 1326 850 1357 etiam
879 1326 1024 1357 multum
1049 1326 1243 1363 benivolus,
1276 1327 1428 1358 maxime
1453 1328 1594 1369 quando
1619 1334 1669 1359 est
1693 1327 1726 1358 in
1751 1328 1913 1369 piscibus.
1945 1327 2107 1369 Juppiter
2131 1337 2250 1359 mense

391 1378 544 1410 secundo
563 1378 800 1418 conceptionis
818 1378 878 1409 dat
895 1384 977 1409 nato
993 1378 1151 1419 spiritum
1169 1384 1203 1409 et
1221 1378 1389 1416 membra,
1407 1379 1466 1411 dat
1482 1380 1549 1411 suis
1567 1380 1708 1421 pulcras
1726 1386 1817 1411 artes
1835 1386 1868 1411 et
1884 1381 1991 1418 leues,
2007 1386 2045 1411 ut
2062 1386 2113 1412 est
2131 1381 2250 1422 legere

393 1437 426 1461 et
449 1430 604 1462 scribere
630 1441 752 1461 aurum
777 1430 952 1461 cambiare
977 1437 1011 1461 et
1036 1437 1189 1462 tractare
1214 1432 1358 1472 pulcros
1381 1443 1515 1474 pannos
1533 1439 1566 1464 et
1582 1432 1732 1464 sericum
1756 1432 1918 1464 laborare
1936 1433 1992 1464 uel
2016 1433 2182 1464 vendere.
2206 1432 2251 1463 Et

391 1483 553 1525 quoniam
578 1483 684 1514 habet
702 1494 744 1514 ex
761 1482 935 1514 coloribus
953 1493 1117 1515 areneum
1136 1483 1342 1525 vii-demque
1361 1485 1514 1515 colorem
1533 1490 1566 1515 et
1583 1484 1706 1516 similia
1722 1485 1810 1516 facit
1825 1495 1904 1516 suos
1923 1485 2023 1516 albos
2039 1484 2250 1517 rubicundos

393 1545 469 1566 esse
493 1535 634 1576 pulcras
659 1540 811 1566 staturas
836 1535 1005 1566 habentes
1030 1541 1064 1566 et
1087 1546 1205 1567 mores
1229 1536 1340 1568 bonos
1366 1543 1400 1568 et
1424 1544 1503 1569 sunt
1528 1537 1651 1569 fideles
1675 1543 1709 1569 et
1734 1537 1865 1569 habent
1890 1537 1977 1569 duos
2009 1538 2131 1570 dentes
2156 1544 2251 1570 ante-

391 1590 500 1621 riores
526 1600 670 1632 magnos
695 1595 729 1620 et
753 1590 842 1621 latos
868 1590 1016 1632 capillos
1040 1591 1164 1633 longos
1189 1597 1224 1623 et
1249 1591 1396 1623 barbam
1422 1593 1559 1633 plenam
1587 1599 1620 1624 et
1644 1599 1697 1625 est
1720 1593 1797 1624 talis
1822 1592 1924 1624 homo
1954 1591 2149 1623 misericors
2174 1590 2249 1621 dili-

391 1651 478 1682 gens
501 1642 628 1673 bonurn
654 1648 687 1673 et
705 1643 891 1673 devastans
917 1643 1054 1675 malurn.

480 1695 598 1726 Minue
624 1706 643 1725 a
668 1695 825 1736 quolibet
849 1693 926 1726 loc'o
951 1695 1046 1736 Jouis
1075 1698 1087 1726 l
1114 1707 1166 1738 gr.
1186 1703 1219 1728 et
1237 1699 1278 1729 40
1303 1709 1364 1734 m.;
1389 1704 1423 1729 et
1440 1708 1504 1738 pro
1522 1698 1692 1729 distancia
1717 1698 1886 1739 Neapolis
1904 1709 1923 1729 a
1939 1697 2250 1738 Montepessulano

391 1757 460 1778 sec.
487 1748 504 1778 9
530 1753 564 1778 et
588 1753 650 1778 ter.
677 1748 706 1779 8.
730 1747 891 1789 Juppiter
917 1753 1075 1779 mouetur
1100 1750 1190 1780 omni
1217 1750 1274 1780 die
1299 1750 1343 1780 de
1367 1750 1526 1790 partibus
1550 1750 1601 1781 sui
1618 1751 1793 1793 epyciculi
1819 1751 1859 1781 54
1885 1761 1946 1786 rn.;
1972 1756 2006 1782 et
2022 1744 2178 1782 centrum
2201 1749 2251 1782 sui

391 1800 566 1842 epyciculi
590 1806 748 1832 mouetur
772 1800 863 1831 omni
888 1800 943 1831 die
968 1801 1002 1831 in
1024 1811 1086 1832 suo
1112 1801 1292 1833 deferente
1319 1802 1336 1833 5
1362 1803 1442 1833 min.
1467 1803 1550 1834 fere.

817 1952 988 2017 Super
1021 1954 1322 2004 antedictam
1361 1954 1583 2004 tabulam
1623 1954 1821 2006 Martis.

392 2072 509 2155 Hijs
533 2073 629 2104 annis
654 2074 844 2115 completis,
859 2075 952 2106 adde
976 2085 1080 2106 unum
1105 2085 1157 2117 gr.
1182 2081 1215 2105 et
1240 2076 1282 2105 40
1306 2075 1386 2106 min.
1411 2085 1516 2116 super
1548 2076 1663 2106 locum
1686 2075 1812 2106 Martis
1837 2081 1871 2106 et
1895 2076 1940 2107 ad
1964 2075 2051 2107 alios
2077 2075 2116 2109 79
2140 2088 2247 2111 annos

494 2124 605 2165 ipsum
629 2125 783 2156 inuenies
807 2126 1021 2168 adequatum
1046 2133 1080 2158 et
1103 2128 1151 2158 sic
1176 2126 1283 2158 facies
1306 2137 1370 2168 pro
1395 2127 1551 2168 qualibet
1575 2128 1798 2159 reuolucione
1829 2127 1945 2169 ipsius.

480 2176 524 2207 Et
547 2177 703 2220 intellige
727 2179 821 2219 quod
839 2189 897 2210 eos
915 2179 1021 2210 motui
1039 2179 1179 2210 cuilibet
1197 2179 1346 2211 collecto
1363 2190 1426 2221 per
1448 2181 1486 2211 10
1501 2180 1558 2211 vel
1576 2181 1610 2210 ll
1628 2180 1701 2211 dies
1715 2180 1847 2212 addere
1862 2181 1979 2212 debes.
2004 2181 2102 2214 Mars
2119 2188 2171 2214 est
2183 2185 2247 2216 sub

389 2230 478 2271 Joue
496 2230 638 2270 planeta
655 2230 786 2268 tertius,
805 2231 938 2262 calidus
953 2237 986 2262 et
999 2232 1110 2262 siccus
1125 2239 1159 2263 et
1177 2233 1304 2263 multus
1323 2232 1446 2269 malus,
1465 2232 1522 2274 qui
1539 2242 1617 2263 cum
1642 2238 1693 2263 est
1709 2232 1743 2262 in
1761 2233 1929 2270 domibus,
1944 2234 2078 2266 scilicet
2094 2235 2127 2266 in
2141 2236 2248 2268 ariete

391 2287 425 2312 et
438 2281 470 2311 in
483 2282 676 2322 scorpione,
690 2282 892 2320 discordias,
906 2284 1000 2315 bella
1012 2284 1229 2316 incensiones
1249 2290 1282 2315 et
1298 2284 1391 2315 mala
1403 2284 1518 2315 omnia
1531 2290 1706 2325 operatur,
1720 2284 1782 2315 nisi
1799 2285 1870 2316 eius
1888 2284 2022 2316 malitia
2039 2285 2084 2317 ab
2103 2294 2248 2328 aspectu

391 2334 535 2365 alicuius
549 2334 629 2365 boni
645 2335 785 2375 planete
803 2335 990 2371 minuatur3
1006 2336 1134 2367 malitia
1147 2337 1238 2368 enim
1252 2337 1415 2368 minuitur
1428 2336 1508 2368 mali
1523 2342 1556 2367 et
1569 2342 1814 2379 augmentatur
1831 2343 1976 2379 aspectu
1992 2348 2055 2379 per
2070 2344 2247 2371 saturnum

390 2393 427 2418 ut
444 2387 574 2418 dictum
591 2393 654 2424 est,
671 2397 733 2428 per
751 2393 931 2428 aspectum
949 2389 1076 2419 malum
1093 2388 1281 2429 impeditur
1298 2394 1332 2420 et
1349 2399 1411 2430 per
1428 2389 1556 2420 bonum
1574 2389 1772 2420 adiuvatur.
1797 2388 1895 2420 Mars
1912 2400 2029 2422 mense
2046 2391 2148 2422 tertio
2166 2401 2248 2423 con-

391 2440 561 2481 ceptionis
578 2450 655 2471 ossa
673 2441 836 2481 concepti
854 2446 888 2472 et
904 2440 1068 2471 interiora
1085 2441 1273 2482 componit.
1300 2441 1344 2472 Et
1370 2442 1534 2483 quoniam
1559 2452 1603 2473 ex
1627 2441 1800 2472 coloribus
1817 2441 1923 2473 habet
1940 2442 2142 2474 rubedinem
2156 2454 2248 2475 mar-

391 2492 490 2523 tiales
507 2492 637 2523 saturni
655 2493 781 2524 coloris
795 2493 971 2524 commixti
985 2499 1022 2524 ut
1036 2499 1115 2524 sunt
1128 2494 1185 2534 qui
1197 2494 1243 2524 ad
1256 2494 1365 2524 solem
1380 2494 1511 2525 vadunt
1524 2500 1559 2525 et
1574 2504 1685 2536 grana
1701 2494 1809 2525 rubea
1822 2494 1959 2525 habent
1973 2495 2007 2526 in
2019 2495 2105 2527 fatie
2122 2501 2156 2527 et
2169 2496 2247 2527 bar-

391 2545 470 2575 bam
487 2544 671 2585 parvulam
688 2551 755 2575 ut..
772 2545 789 2575 .¹
823 2545 855 2575 hi
880 2545 1027 2576 maxime
1051 2545 1181 2577 habent
1205 2556 1332 2587 corpus
1357 2552 1493 2577 curtum
1517 2552 1551 2577 et
1576 2555 1733 2588 grossum
1758 2552 1792 2576 et
1817 2547 1970 2578 vestiunt
1985 2547 2073 2579 inter
2090 2548 2246 2579 homines

390 2596 583 2627 discordias
606 2597 770 2627 sussitant
805 2597 958 2628 zizanias
982 2597 1154 2628 seminant
1167 2597 1323 2629 homines
1342 2598 1595 2629 dehorrescunt
1620 2597 1713 2629 bella
1739 2604 1772 2628 et
1795 2597 1870 2628 lites
1895 2597 1984 2628 inter
2007 2603 2131 2639 gentes
2154 2607 2248 2629 com-

391 2655 555 2680 mouent:
574 2655 654 2680 sunt
677 2649 784 2691 igitur
809 2649 870 2680 feri
895 2655 931 2680 ut
957 2649 1042 2680 fabri
1068 2650 1143 2681 coci
1167 2650 1356 2681 macellarii
1383 2650 1541 2681 crudeles
1565 2650 1744 2691 sanguinis
1761 2649 1931 2680 effusores
1955 2649 2246 2681 immisericordes

390 2701 582 2732 vindictam
607 2702 830 2742 accipientes.
2268 2743 2272 2746 .

479 2753 597 2784 Minue
622 2765 641 2784 a
667 2753 823 2794 quolibet
847 2754 925 2784 loco
948 2753 1075 2785 Martis
1100 2765 1151 2797 gr.
1180 2755 1192 2785 l
1220 2759 1253 2784 et
1277 2754 1317 2785 58
1343 2754 1433 2790 min.‚
1459 2760 1493 2784 et
1523 2764 1587 2795 pro
1620 2754 1784 2784 distantia
1815 2753 1928 2793 Neap.
1961 2753 2073 2784 minue
2102 2763 2171 2784 sec.
2205 2754 2244 2788 57

393 2811 469 2835 tert.
494 2806 547 2837 30.

480 2856 577 2888 Mars
603 2868 685 2889 uero
709 2858 741 2888 in
766 2868 827 2889 suo
852 2858 1039 2900 epyciculo
1063 2864 1222 2889 movetur
1246 2858 1338 2889 omni
1364 2858 1418 2889 die
1443 2858 1488 2889 de
1512 2858 1667 2898 partibus
1691 2857 1742 2888 sui
1766 2856 1938 2898 epyciculi
1963 2857 2004 2888 28
2029 2861 2074 2888 ἰῇ.

480 2909 524 2940 Et
549 2915 705 2940 centrum
731 2909 802 2940 eius
827 2915 985 2942 mouetur
1008 2911 1039 2940 in
1064 2920 1126 2941 suo
1151 2910 1332 2941 deferente
1357 2911 1398 2940 33
1423 2921 1467 2941 m.
1493 2909 1574 2940 fere.

464 3003 470 3015 ¹
493 3004 606 3027 Lacuna
627 3005 654 3027 in
676 3006 730 3028 tex.

1205 3101 1249 3134 ἑὲ
1283 3102 1350 3142 124
1385 3101 1428 3134 ἥ*
