2352 3473
130 1509 360 1594 Subscripte
384 1513 463 1539 sunt
485 1507 606 1550 regule
631 1508 771 1539 inuente
787 1507 821 1538 in
845 1506 1042 1538 Almanach
1073 1508 1162 1539 bone
1193 1507 1357 1538 memorie
1390 1508 1518 1539 domini
1552 1507 1605 1540 G)
1635 1509 1802 1550 Episcopi
1830 1509 1985 1542 Insulani

206 1560 309 1603 periti
331 1561 367 1591 in
391 1560 579 1602 astrologia
603 1559 666 1591 sub
691 1559 848 1591 doctrina
865 1565 902 1591 et
925 1559 1124 1602 magisterio
1149 1559 1277 1591 domini
1301 1558 1442 1591 Andalo
1467 1560 1510 1590 de
1535 1559 1647 1602 Nigro
1673 1561 1716 1593 de
1739 1561 1852 1603 Janua
1875 1563 1986 1605 magi-

128 1613 191 1645 stri
224 1613 259 1644 in
283 1612 428 1644 scientia
453 1611 653 1654 astmlogie,
678 1611 736 1653 qui
760 1611 978 1652 supradictos
1003 1621 1153 1643 canones
1176 1621 1281 1652 super
1305 1611 1489 1643 almanach
1513 1611 1648 1655 profatij
1672 1613 1872 1654 compilavit
1903 1614 1986 1646 fecit

129 1672 163 1697 et
187 1664 398 1706 composuit;
425 1670 458 1695 et
483 1669 582 1696 erant
606 1663 727 1704 scripti
751 1674 852 1694 manu
878 1664 1019 1705 propria
1043 1663 1150 1705 ipsius
1174 1663 1352 1704 Episcopi.

563 1813 627 1865 ln
653 1817 846 1881 primis
882 1824 1037 1881 super
1071 1814 1292 1864 tabulam
1331 1813 1554 1864 Saturni

448 1922 544 1968 que
582 1910 654 1952 est
679 1904 854 1969 prima
881 1902 1054 1953 tabula
1091 1901 1378 1952 Almanam
1418 1901 1659 1968 Profacz'j.

129 2025 326 2107 Saturnus
348 2024 382 2055 in
406 2025 655 2066 peragratione
680 2026 722 2056 30
746 2034 855 2056 annos
872 2025 927 2065 (29
944 2030 1088 2066 propter
1112 2023 1297 2064 bisextum)
1324 2024 1506 2055 consumit.
1523 2022 1592 2060 Qui
1606 2029 1658 2053 est
1674 2022 1816 2063 planeta
1833 2021 1979 2064 frigidus

203 2082 238 2108 et
267 2076 382 2108 siccus
414 2082 520 2118 atque
553 2077 746 2108 malivolus.
778 2076 864 2108 Ideo
895 2077 929 2107 in
960 2076 1064 2109 rebus
1092 2076 1209 2108 mundi
1242 2076 1351 2107 malos
1382 2076 1489 2107 habet
1519 2075 1680 2107 effectus.
1726 2074 1796 2105 Iste
1821 2074 1902 2105 dum
1928 2079 1979 2104 est

125 2128 160 2159 in
183 2127 343 2160 domibus
367 2125 447 2167 suis,
472 2128 638 2161 videlicet
659 2128 817 2171 Aquario
841 2135 876 2160 et
900 2129 1126 2170 Capricorno,
1151 2129 1259 2160 multa
1284 2129 1376 2160 mala
1401 2128 1482 2159 facit
1505 2127 1539 2158 in
1563 2128 1657 2165 orbe,
1674 2126 1823 2157 maxime
1841 2125 1981 2168 quando

126 2180 179 2212 sol
202 2186 256 2211 est
277 2180 311 2211 in
334 2181 448 2222 prima
471 2181 587 2219 domo,
611 2181 745 2213 scilicet
768 2182 804 2212 in
828 2181 996 2223 Aquario.
1020 2181 1123 2213 Tunc
1148 2181 1238 2212 enim
1255 2181 1340 2212 fiunt
1363 2191 1490 2224 magna
1515 2180 1645 2212 diluvia
1669 2180 1702 2211 in
1726 2185 1821 2210 terra
1844 2184 1878 2210 et
1901 2178 1981 2210 odia

124 2233 159 2264 in
183 2233 346 2276 gentibus
370 2233 616 2275 implacabilia.
640 2233 710 2265 Iste
733 2234 877 2275 planeta
900 2244 1018 2265 mense
1042 2233 1153 2275 primo
1178 2233 1416 2274 conceptionis
1439 2233 1634 2275 frigiditate
1658 2237 1869 2272 conceptum
1884 2231 1981 2273 frigi-

127 2285 189 2317 dat
211 2286 245 2316 in
268 2286 414 2318 matrice
439 2292 473 2317 et
496 2286 660 2329 coagulat
676 2291 711 2317 et
728 2287 897 2318 desiccat.
922 2286 968 2317 Et
985 2286 1067 2328 quia
1083 2296 1126 2317 ex
1144 2285 1317 2318 coloribus
1335 2285 1441 2316 habet
1457 2285 1689 2328 nigredinem,
1702 2283 1787 2315 facit
1811 2283 1981 2315 Saturnus

126 2343 246 2369 natum
270 2347 346 2369 esse
369 2338 518 2376 fuscum,
554 2348 689 2379 paucos
723 2339 812 2380 pilos
835 2339 869 2369 in
891 2338 1005 2370 barba
1029 2344 1063 2370 et
1086 2339 1121 2370 in
1146 2337 1294 2369 maxillis
1318 2337 1525 2373 habentem;
1556 2337 1614 2378 qui
1646 2347 1725 2368 cum
1749 2335 1982 2367 ambulauerit

125 2390 159 2420 in
182 2395 311 2421 terram
335 2390 455 2422 oculos
479 2391 604 2433 mergit
617 2396 651 2423 et
667 2397 718 2422 est
735 2401 864 2429 macer,
879 2391 1013 2422 habens
1036 2390 1159 2422 oculos
1182 2389 1349 2431 paruu1os
1366 2395 1400 2421 et
1415 2394 1529 2422 cutem
1545 2389 1687 2427 siccam,
1711 2393 1763 2420 est
1779 2387 1980 2425 iracundus,

126 2453 329 2482 venenosus,
347 2453 467 2481 vorax,
483 2444 604 2485 turpis,
626 2443 835 2486 ingeniosus,
861 2453 940 2474 cum
972 2443 1075 2474 etiam
1107 2448 1200 2474 artes
1223 2442 1309 2474 viles
1333 2448 1368 2473 et
1390 2452 1529 2484 graues,
1553 2447 1591 2472 ut
1623 2446 1675 2471 est
1698 2440 1823 2472 fodere
1853 2445 1982 2471 terram

126 2505 287 2537 rumpere
312 2495 451 2537 lapides
476 2501 677 2527 construere
700 2495 821 2527 domos
844 2495 1046 2527 conducere
1070 2505 1180 2536 aquas
1204 2500 1239 2525 et
1262 2494 1457 2526 huiusmodi
1491 2493 1642 2525 callidus
1668 2498 1719 2524 est
1744 2498 1777 2523 et
1801 2492 1895 2523 aliud
1919 2501 1979 2522 ore

125 2558 251 2580 sonans
275 2554 310 2580 et
333 2548 428 2580 aliud
453 2548 561 2580 corde
586 2547 788 2580 machinans
813 2553 848 2579 et
871 2546 980 2578 habet
1002 2546 1189 2588 supercilia
1209 2547 1339 2589 juncta.

127 2714 188 2760 29
214 2670 428 2762 propter*
445 2696 703 2747 bz'sextum.

127 2815 171 2860 Ε
194 2817 235 2848 29
249 2822 394 2858 propter
406 2815 754 2847 bisextum-similiter
769 2814 1035 2858 intelligendum
1052 2814 1147 2856 quod
1164 2813 1315 2845 bisextus
1333 2812 1426 2843 cadit
1439 2821 1577 2852 semper
1594 2811 1627 2841 in
1652 2809 1808 2841 omnibus
1825 2808 1975 2839 motibus

127 2869 348 2909 planetarum
372 2869 406 2899 in
430 2868 527 2900 annis
551 2867 742 2908 imparibus
765 2873 846 2898 ante
871 2866 1111 2908 quaternarios
1135 2871 1169 2896 et
1193 2866 1273 2896 ideo
1296 2865 1329 2895 in
1360 2864 1426 2895 illis
1450 2863 1547 2894 annis
1578 2861 1773 2893 februarius
1805 2860 1911 2892 habet
1934 2860 1975 2889 29

233 2968 240 2984 ¹
265 2970 424 2994 Guillelmus
453 2971 501 2994 vel
529 2969 614 2993 Guido
643 2976 683 3000 ep.
712 2968 876 2998 Insuxanusg
903 2967 1052 2992 Conradus
1077 2968 1126 2998 Ep.
1156 2966 1330 2990 Foesulanus
1357 2966 1436 2989 iuxta
1455 2965 1535 2988 alios.
1556 2964 1614 2988 scil.
1635 2963 1779 2994 Targioni,
1800 2961 1973 2987 Tiraboscffi,

130 3013 274 3043 XImenes,
295 3014 349 3037 ete.
365 3013 424 3038 cfr.
444 3014 590 3042 ΧῘΜΕΝΕΞ,
602 3012 661 3035 Del
678 3011 778 3035 vecchio
797 3019 810 3033 e
829 3011 877 3034 del
892 3018 976 3034 nuovo
994 3018 1122 3041 ⁴gnomone
1135 3010 1288 3042 florentino,
1310 3016 1372 3040 pag.
1392 3014 1449 3032 LXI.

940 3106 1156 3156 &123ae
