2339 3382
361 237 528 269 cursus
566 217 676 266 solis
714 226 766 265 ut
804 225 936 281 patet
974 234 1034 265 ex
1073 213 1168 265 tab.
1209 233 1321 280 pag.
1364 219 1416 273 38
1451 232 1588 281 seqq.
1617 214 1945 266 subtraximus
1983 214 2200 267 differen-

360 302 476 352 tiam
500 301 623 350 inter
660 309 850 349 motum
888 297 996 348 solis
1035 308 1081 348 et
1107 297 1316 348 Veneris
1356 317 1384 346 a
1422 298 1560 363 grad.
1603 308 1649 349 et
1686 298 1881 348 minutis
1917 298 2126 349 obtentis
2153 309 2200 350 et

358 384 630 435 invenimus
669 383 831 433 locum
869 401 1042 433 verum
1080 381 1288 432 Veneris
1327 381 1461 431 iuxta
1505 381 1745 433 doctrinas
1780 381 2050 449 Prophacii.

467 550 551 592 Pag.
576 550 604 581 4.
629 549 686 580 lin.
711 555 760 587 17.
787 547 951 580 Mercurii
976 558 1058 580 vero
1082 549 1179 580 locus
1203 549 1375 590 reperitur
1399 549 1426 579 si
1452 548 1496 579 ab
1522 547 1619 579 annis
1644 548 1721 580 D.ni
1746 548 1929 580 subtrahas
1958 550 2040 580 1300
2065 555 2098 580 et
2122 559 2199 580 cum

357 603 494 635 residuo
512 603 617 633 intres
634 601 784 633 tabulam
811 602 896 640 eius,
914 612 992 633 nam
1010 601 1105 644 quod
1121 601 1154 632 in
1173 602 1306 634 directo
1323 602 1414 639 anni,
1438 602 1566 632 mensis
1591 607 1625 632 et
1649 601 1717 632 diei
1742 601 1914 633 inveneris
1931 602 1997 633 hoc
2014 602 2079 634 erit
2103 602 2199 634 locus

358 657 427 688 eius
445 666 545 687 verus
562 655 596 686 in
614 661 687 687 tota
705 655 755 686 sui
774 655 884 696 prima
901 655 1129 686 revolutione.
1147 654 1182 685 Si
1201 661 1314 686 autem
1339 655 1373 685 in
1399 655 1495 685 annis
1519 654 1646 686 Christi
1670 654 1843 686 inveneris
1867 655 2049 696 plusquam
2074 655 2115 686 43
2140 656 2198 697 qui

357 715 435 740 sunt
459 709 537 740 anni
562 708 788 739 revolutionis
806 708 877 739 eius
900 707 1013 740 abiice
1032 708 1110 746 hoc,
1129 709 1289 749 quotiens
1306 714 1417 750 poteS,
1434 715 1468 740 et
1485 718 1563 739 cum
1581 708 1721 739 residuo
1746 707 1836 738 intra
1861 707 1998 739 tabulas
2016 708 2087 739 eius
2107 708 2199 740 acci-

356 763 484 803 piendo
509 772 571 803 pro
597 761 752 803 qualibet
768 761 981 793 revolutione
1005 762 1077 792 eius
1096 761 1285 802 praeterita
1304 763 1322 792 2
1347 762 1450 803 grad.
1475 767 1508 792 et
1533 763 1574 793 45
1599 761 1677 792 min.
1697 767 1730 792 et
1755 760 1944 792 dividendo
1968 771 2030 802 per
2047 761 2066 792 3
2091 771 2142 803 gr.
2166 766 2200 792 et

357 821 375 845 0
401 816 530 846 minuta
554 820 587 846 et
613 814 692 856 quia
716 814 775 846 hic
800 820 852 846 est
878 821 988 846 motus
1013 815 1208 858 argumenti
1233 814 1391 856 qualibet
1417 815 1472 847 die
1497 820 1532 847 et
1555 824 1716 846 numerus
1741 814 1822 845 inde
1847 814 2029 857 egrediens
2054 815 2118 845 erit
2141 825 2202 845 nu-

356 879 467 899 merus
485 868 628 899 dierum.
646 867 818 899 Subtrahe
837 878 921 910 ergo
945 867 1028 899 istas
1047 868 1120 898 dies
1146 878 1235 898 nunc
1260 868 1424 899 inventas
1453 879 1472 899 a
1497 874 1652 909 tempore
1674 867 1768 908 prius
1793 874 1940 908 accepto
1963 868 1998 898 in
2021 868 2142 899 tabula
2166 874 2200 899 et

356 921 449 963 quod
473 921 676 952 remanserit
701 920 763 951 erit
781 921 877 952 locus
895 921 965 951 eius
982 920 1015 950 in
1034 920 1091 952 die
1108 920 1177 952 illa.
1196 920 1231 952 Si
1251 932 1333 952 vero
1350 927 1431 952 tunc
1450 919 1647 952 Mercurius
1679 920 1782 951 fuerit
1800 920 1953 952 directus
1971 926 2004 951 et
2022 926 2201 952 moveatur

356 976 388 1005 in
406 974 527 1005 diebus
544 973 611 1005 illis
627 973 782 1005 velocius
799 974 882 1011 sole,
901 974 1067 1005 subtrahe
1085 979 1214 1005 motum
1234 974 1315 1005 solis
1333 985 1352 1005 a
1370 974 1569 1006 differentia
1587 974 1722 1005 illorum
1741 974 1886 1005 duorum
1900 974 2054 1005 locorum
2067 974 2101 1005 in
2115 980 2200 1006 tem-

356 1037 439 1069 pore
456 1027 517 1059 illo
533 1027 772 1059 subtrahendo
789 1027 875 1058 illud
899 1027 991 1069 quod
1016 1033 1172 1058 remanet
1197 1027 1241 1058 ab
1266 1027 1327 1058 illo
1351 1028 1430 1059 loco
1454 1027 1548 1068 prius
1572 1027 1722 1059 invento.
1747 1027 1783 1058 Si
1808 1033 1924 1059 autem
1948 1033 2107 1060 movetur
2130 1033 2199 1059 tar-

356 1080 432 1112 dius
464 1081 548 1118 sole,
572 1080 738 1112 subtrahe
763 1085 891 1111 motum
916 1079 989 1111 eius
1013 1091 1032 1111 a
1058 1086 1151 1111 motu
1175 1080 1256 1111 solis
1281 1085 1315 1111 et
1339 1081 1423 1111 iilud
1449 1080 1543 1122 quod
1567 1086 1723 1112 remanet
1747 1080 1839 1112 adde
1864 1081 1970 1121 priori
1993 1081 2072 1112 loco
2096 1091 2198 1123 quem

356 1133 523 1176 accepisti
548 1140 582 1165 et
606 1134 700 1175 quod
724 1133 833 1165 exibit
856 1134 953 1164 facta
978 1133 1210 1165 subtractione
1236 1134 1289 1165 vel
1313 1133 1493 1165 additione
1519 1134 1583 1165 erit
1611 1145 1713 1165 verus
1746 1134 1844 1165 locus
1876 1134 1946 1165 eius
1977 1134 2010 1165 in
2042 1135 2098 1165 die
2128 1134 2199 1165 illa.

355 1187 391 1219 Si
408 1197 490 1219 vero
508 1186 607 1218 fuerit
625 1187 846 1229 retrogradus
864 1187 957 1218 adde
973 1187 1051 1218 illos
1070 1187 1156 1218 duos
1175 1187 1247 1219 dies
1264 1187 1425 1218 inventos
1441 1187 1528 1218 inter
1544 1187 1603 1224 illa
1621 1187 1689 1218 duo
1707 1193 1865 1228 tempora
1889 1198 1965 1218 cum
1993 1193 2085 1219 motu
2109 1186 2199 1219 Solis

355 1244 389 1269 et
414 1238 480 1270 hoc
504 1243 614 1269 totum
639 1238 731 1269 adde
756 1238 860 1278 priori
884 1238 962 1269 loco
986 1238 1058 1268 eius
1084 1243 1231 1279 accepto
1257 1243 1290 1270 et
1314 1239 1407 1280 quod
1429 1238 1510 1269 inde
1535 1237 1640 1269 exibit
1665 1238 1730 1269 erit
1754 1248 1856 1269 verus
1881 1238 1978 1269 locus
2002 1238 2086 1270 eius.
2119 1238 2198 1269 Non

355 1297 407 1323 est
433 1297 547 1322 autem
573 1291 718 1322 multum
743 1291 935 1322 curandum
959 1291 1002 1322 de
1027 1291 1238 1323 inveniendo
1263 1297 1332 1322 tam
1356 1291 1526 1323 subtiliter
1549 1291 1628 1323 loca
1651 1291 1794 1322 istorum
1815 1291 1962 1323 duorum
1980 1292 2198 1332 planetarum

355 1343 435 1385 quia
460 1354 645 1385 numquam
670 1343 810 1374 deviant
835 1354 854 1374 a
879 1343 991 1385 prima
1015 1343 1066 1374 sui
1090 1343 1313 1375 revolutione
1339 1345 1485 1375 maxime
1510 1354 1572 1385 per
1601 1345 1609 1374 l
1638 1343 1737 1387 grad.
1761 1342 1796 1375 Si
1821 1349 1937 1376 autem
1954 1338 2094 1375 istorum
2113 1344 2198 1375 duo-

354 1408 428 1427 rum
455 1397 617 1434 (Veneris
635 1402 668 1429 et
685 1396 864 1437 Mercurii)
890 1396 969 1428 loca
991 1396 1080 1428 scire
1105 1397 1256 1429 volueris
1281 1403 1360 1428 ante
1385 1407 1511 1428 annum
1537 1397 1663 1429 Christi
1693 1398 1775 1429 1300
1799 1397 1853 1428 fac
1878 1398 1966 1428 sicut
1987 1397 2022 1428 in
2046 1397 2123 1428 aliis
2148 1403 2198 1428 est

355 1450 529 1482 edoctum.

462 1575 639 1627 Canon
671 1576 734 1627 ad
767 1576 1118 1647 inveniendum
1144 1577 1307 1628 locum
1331 1596 1504 1628 verum
1530 1576 1763 1628 Mercurii
1791 1576 1942 1628 simile
1968 1587 2039 1628 est
2065 1596 2197 1644 prae-

356 1660 546 1712 cedenti
586 1680 674 1727 pro
713 1660 928 1711 Venere.
971 1660 1242 1712 Transacta
1270 1661 1400 1712 enim
1424 1660 1580 1728 prima
1607 1660 1906 1712 revolutione
1934 1660 2111 1712 scilicet
2138 1665 2200 1725 46

356 1744 491 1795 annis
531 1743 795 1811 eompletis,
832 1744 914 1811 qui
941 1755 1053 1795 sunt
1079 1744 1182 1796 dies
1204 1749 1331 1795 16801
1353 1765 1468 1796 011111
1488 1745 1702 1802 dimidio,
1723 1765 1879 1812 quum
1898 1764 2055 1796 annus
2075 1765 2200 1796 com-

355 1828 603 1894 putandus
627 1827 686 1878 sit
708 1827 900 1879 dierum
927 1833 1002 1890 365
1027 1848 1141 1880 cum
1164 1839 1337 1895 quarta
1359 1839 1497 1896 parte
1519 1829 1663 1880 unius
1685 1829 1794 1887 diei,
1835 1828 2115 1880 Mercurius
2151 1829 2200 1879 in

355 1932 442 1962 suo
482 1911 697 1978 epicyclo
735 1911 938 1979 perfecit
976 1932 1059 1977 144
1093 1912 1418 1964 revolutiones
1447 1913 1713 1982 completas
1740 1925 1787 1965 et
1813 1926 1891 1977 357
1917 1933 1989 1981 gr.
2017 1930 2055 1974 15
2082 1913 2197 1964 min.

355 2000 398 2045 18
443 2015 536 2046 sec.
583 1994 714 2046 Nam
758 1985 920 2047 motus
964 1996 1188 2048 mercurii
1232 1996 1281 2046 in
1318 2017 1417 2047 uno
1455 1997 1534 2048 die
1572 2017 1720 2065 super
1759 1997 2031 2065 epicyclum
2067 1997 2201 2048 iuxta

355 2079 598 2130 Arzachel
637 2090 948 2146 computatur
985 2087 1026 2142 3Ο
1053 2078 1090 2129 6'
1117 2078 1191 2145 24⁰
1220 2078 1266 2141 7'''
1295 2079 1394 2146 39””.
1438 2082 1526 2133 Ad
1564 2082 1919 2150 conficiendam
1958 2100 2031 2147 145
2071 2102 2199 2133 revo-

354 2163 589 2214 lutionem
629 2163 826 2231 epicycli
864 2164 1042 2215 absunt
1080 2165 1224 2231 igitur
1251 2172 1293 2214 2⁰
1320 2173 1415 2231 44⁸¹
1443 2164 1507 2227 32'¹
1537 2177 1583 2218 et
1621 2167 1755 2218 locus
1792 2187 1937 2218 verus
1963 2165 2199 2219 Mercurii

353 2247 402 2296 in
428 2246 602 2298 tabulis
628 2247 914 2315 anticipatur
941 2247 1069 2299 horis
1096 2268 1135 2298 21
1163 2248 1278 2300 min.
1308 2266 1328 2311 5
1357 2250 1566 2310 circiter;
1595 2271 1710 2302 nam
1737 2250 2008 2303 dividentes
2035 2257 2077 2301 2⁰
2103 2257 2198 2316 44³¹

355 2327 418 2391 32''
445 2349 533 2396 per
559 2337 601 2391 3⁰
627 2329 664 2379 6·
692 2330 823 2382 hunc
850 2332 1152 2399 quotientem
1179 2334 1464 2400 reperimus.
1506 2335 1581 2386 At
1618 2335 1666 2386 in
1703 2335 1775 2386 his
1815 2334 1943 2386 horis
1974 2334 2199 2403 aequatio

353 2414 628 2480 argumenti
666 2414 909 2466 invenitur
953 2436 1042 2482 per
1087 2415 1408 2470 differentiam
1458 2430 1619 2470 motus
1667 2419 1815 2471 medii
1854 2418 2090 2471 Mercurii
2135 2419 2198 2470 ad

354 2507 543 2548 motum
570 2498 791 2549 medium
825 2499 949 2556 solis,
991 2500 1073 2567 qui
1114 2511 1185 2552 est
1222 2512 1384 2552 motus
1423 2503 1572 2554 centri
1612 2502 1846 2555 Mercurii
1885 2503 1961 2554 vel
1999 2514 2052 2553 ut
2088 2502 2199 2553 Pro-

354 2581 556 2647 phacius
593 2582 770 2633 indicat
807 2602 897 2650 per
934 2583 1257 2636 differentiam
1295 2595 1456 2636 motus
1495 2587 1594 2637 veri
1622 2587 1888 2654 utriusque,
1920 2597 1966 2638 et
1993 2586 2198 2653 proinde

353 2665 478 2716 hanc
516 2666 857 2733 aequationem
895 2668 1009 2718 addi
1047 2680 1130 2720 aut
1167 2669 1382 2721 subtrahi
1421 2670 1664 2722 debemus
1701 2672 1764 2722 ab
1802 2671 1878 2722 illo
1915 2671 2019 2722 loco
2064 2671 2198 2737 prius
2263 2692 2265 2694 ·

353 2748 548 2799 invento
586 2760 640 2800 ut
676 2750 725 2801 in
763 2771 949 2803 canone
989 2753 1289 2820 explanatur.

460 2906 545 2948 pag.
571 2909 601 2945 4,
626 2908 685 2939 lin.
710 2918 767 2948 35.
794 2909 828 2940 Si
863 2916 975 2941 autem
1010 2912 1088 2942 loca
1117 2912 1198 2943 solis
1227 2912 1318 2944 scire
1347 2913 1525 2956 desideras
1557 2913 1675 2945 divide
1701 2913 1808 2945 annos
1834 2913 1959 2944 Christi
1986 2923 2047 2954 per
2071 2914 2089 2943 4
2115 2918 2148 2943 et
2171 2913 2198 2942 si
2224 2910 2230 2920 ”’

351 2965 506 2990 remanet
536 2961 545 2990 l
575 2970 611 2990 es
635 2961 667 2991 in
692 2963 804 3002 prima
833 2963 962 3001 tabula,
987 2964 1013 2993 si
1042 2965 1110 2995 duo
1135 2965 1167 2996 in
1194 2966 1359 3003 secunda,
1383 2966 1410 2996 si
1435 2972 1504 2997 tres
1528 2966 1560 2996 in
1585 2967 1697 3004 tertia,
1721 2967 1747 2997 si
1772 2973 1920 3008 quatuor
1945 2966 1977 2996 in
2003 2967 2044 2997 4⁸.

1129 3073 1174 3107 ἑὲ
1210 3064 1365 3104 XXIV'
1390 3075 1428 3108 ÷<-·
