2352 3473
73 237 105 268 in
129 238 234 281 signis
258 237 355 280 grad.
380 242 415 268 et
439 235 516 267 min.
541 236 717 268 subscribe
747 236 861 267 medio
886 236 956 268 eius
979 235 1096 273 motui,
1121 241 1154 266 et
1178 236 1270 278 quod
1295 245 1339 266 ex
1363 246 1480 267 eorum
1505 235 1688 267 addicione
1714 236 1911 275 prouenerit

73 295 137 326 erit
160 306 262 327 uerus
286 295 380 326 locus
406 294 494 325 lune.
531 292 638 329 Quod
661 294 688 324 si
713 293 745 324 in
782 294 873 324 linea
907 293 1110 324 minutorum
1136 293 1442 333 proportionalium
1475 303 1540 324 non
1576 292 1746 324 inueneris
1777 293 1910 333 precise

72 352 167 384 illum
191 363 379 389 numerum,
410 361 515 393 quere
541 350 570 381 ei
595 350 886 392 propinquiorem,
910 351 1074 382 minorem
1099 356 1213 380 tamen
1238 360 1288 386 eo,
1323 356 1355 380 et
1387 350 1623 381 differentiam
1648 360 1714 393 que
1750 356 1802 380 est
1824 350 1912 381 inter

75 410 158 441 duas
183 409 387 451 equaciones
413 408 605 449 multiplica
629 418 691 449 per
715 414 849 449 partem
874 408 1017 450 quinarii
1050 417 1112 449 per
1144 417 1245 449 quam
1277 407 1415 438 excedit
1447 406 1689 448 precedentem
1721 401 1911 449 quinarium

72 473 106 497 et
141 467 258 498 diuide
291 476 352 508 per
376 469 394 497 5
420 472 455 497 et
479 465 586 498 exibit
622 465 681 497 tibi
718 476 800 505 pars
836 464 1106 506 proportionalis
1130 475 1233 507 quam
1267 464 1375 495 addes
1411 464 1519 505 prime
1556 464 1726 506 equationi
1759 465 1785 495 si
1810 464 1913 495 fuerit

74 524 183 555 minor
207 524 261 554 uel
286 524 416 555 minues
439 524 466 554 si
492 522 592 554 suerit
617 523 724 553 maior
749 528 781 553 et
813 533 888 553 eam
913 523 1023 553 addes
1048 521 1160 553 medio
1184 521 1288 552 motui
1313 528 1346 552 et
1370 521 1514 553 habebis
1538 532 1655 553 uerum
1686 522 1800 553 locum
1832 521 1913 553 eius.

130 581 144 611 I
167 586 282 611 autem
306 586 441 621 tempus
467 580 718 611 coniunctionis
742 580 799 610 uel
827 579 1052 621 oppositionis
1076 579 1156 610 solis
1181 584 1216 610 et
1241 579 1319 609 lune
1343 579 1430 610 scire
1458 579 1619 616 uolueris,
1643 579 1731 610 intra
1759 579 1913 610 tabulam

143 638 336 679 argumenti
361 637 439 669 lune
464 637 554 668 illius
579 637 657 668 anni
683 643 717 669 et
740 637 768 667 si
792 637 843 667 uis
867 637 955 667 scire
980 636 1257 668 coniunctionem
1282 636 1417 677 respice
1439 636 1471 666 in
1497 636 1562 666 line
1586 636 1723 674 mensis,
1746 642 1778 667 et
1802 637 1829 667 si
1853 646 1913 677 op-

74 694 287 735 positionem,
312 700 363 725 est
385 694 419 725 in
443 694 556 726 medio
581 694 652 726 eius
687 694 817 725 scilicet
841 694 874 724 in
903 695 937 725 14
963 694 1017 724 vel
1039 699 1043 730 l
1069 695 1104 725 15
1132 694 1187 724 die
1221 693 1372 724 eiusdem
1397 699 1430 725 et
1461 693 1551 724 scias
1576 693 1607 724 in
1632 700 1737 736 quota
1772 694 1828 725 die
1862 699 1913 724 est
1957 719 1960 726 .
1998 718 2003 727 ,

74 751 270 783 coniunctio
294 751 351 782 uel
375 752 545 793 oppositio
570 751 695 782 mensis
718 752 852 788 solaris,
876 761 977 794 quem
995 751 1083 782 scire
1100 757 1200 792 potes
1218 761 1279 792 per
1296 761 1471 782 numerum
1496 751 1529 780 in
1554 761 1621 792 quo
1646 750 1770 781 mensis
1787 750 1914 780 lunaris

73 810 179 840 intrat
202 819 354 840 mensem
379 809 537 847 solarem,
561 809 648 840 scias
681 814 714 840 et
739 809 852 840 locum
877 809 959 840 solis
992 815 1025 840 et
1049 809 1128 840 lune
1153 809 1186 839 in
1210 808 1267 839 die
1291 808 1351 839 illa
1388 819 1454 850 que
1489 808 1607 848 incipit
1630 808 1663 838 in
1684 808 1825 838 meridie
1849 807 1916 838 diei

74 867 163 897 illius
187 866 221 896 in
246 865 555 907 Montepessulano
588 872 621 898 et
645 866 797 896 inuenies
824 866 917 908 qucd
941 872 1039 897 erunt
1063 865 1235 896 coniuncti
1260 865 1314 896 uel
1340 865 1490 906 oppositi
1523 865 1580 896 uel
1603 865 1716 896 medii.
1743 865 1785 908 Ε
1810 864 1915 901 Quod

74 923 102 954 si
127 923 214 955 inter
237 923 297 954 illa
322 923 398 955 loca
422 923 673 954 coniunctionis
698 923 753 954 uel
772 923 998 965 oppositionis
1022 923 1193 954 inueneris
1219 922 1401 965 plusquam
1430 923 1444 956 7
1470 923 1608 964 gradus,
1633 922 1723 953 scias
1740 922 1832 964 quod
1849 932 1916 952 non

74 986 186 1021 potest
210 991 285 1011 esse
310 980 511 1012 coniunctio
528 981 584 1011 uel
601 980 775 1022 oppositio
792 981 825 1011 in
849 981 904 1012 die
929 980 1009 1011 illa:
1036 981 1157 1022 accipe
1182 990 1265 1022 ergo
1290 980 1538 1021 precedentem
1563 979 1619 1011 uel
1642 979 1916 1022 subsequentem.

73 1037 116 1081 Ε
139 1037 175 1069 Si
200 1044 313 1070 autem
337 1038 386 1068 uis
410 1037 497 1069 scire
521 1043 635 1070 utrum
659 1038 703 1070 sit
727 1044 806 1069 ante
843 1038 1018 1069 meridiem
1043 1038 1098 1068 uel
1123 1044 1202 1078 post
1226 1038 1315 1069 idest
1340 1048 1359 1068 a
1384 1037 1499 1068 media
1523 1043 1624 1069 nocte
1648 1037 1705 1068 uel
1739 1037 1828 1068 ultra
1860 1036 1917 1067 uel

74 1096 162 1126 citra
185 1095 219 1125 in
243 1094 563 1136 Montepessulano,
588 1095 667 1126 uide
691 1095 766 1138 quis
791 1096 1008 1127 luminarium
1024 1101 1242 1136 processerat
1260 1095 1347 1136 plus.
1373 1094 1463 1125 Nam
1488 1095 1515 1126 si
1540 1095 1622 1125 solis
1639 1095 1703 1125 erit
1725 1093 1918 1126 coniunctio

73 1153 130 1183 uel
154 1152 325 1194 oppositio
349 1158 429 1194 post
454 1153 631 1197 meridiem
655 1163 762 1196 usque
795 1153 840 1184 ad
872 1153 1021 1184 mediam
1046 1158 1207 1189 noctem;
1232 1153 1259 1183 si
1283 1159 1401 1184 autem
1428 1153 1506 1183 lune
1541 1152 1606 1184 erit
1631 1157 1710 1182 ante
1742 1151 1917 1183 meridiem

72 1211 164 1243 ultra
188 1210 339 1242 mediam
362 1217 510 1242 noctem.
547 1209 653 1247 Quod
689 1211 716 1241 si
753 1211 883 1242 numeri
908 1216 987 1241 sunt
1023 1210 1162 1252 equales
1188 1211 1251 1241 erit
1285 1210 1318 1240 in
1355 1210 1497 1242 meridie
1529 1210 1561 1239 in
1597 1209 1918 1249 Montepessulano.

74 1267 118 1311 Ε
141 1267 176 1299 Si
200 1273 314 1299 autem
337 1268 388 1299 uis
412 1268 499 1299 scire
516 1278 579 1309 per
595 1273 680 1310 quot
703 1269 806 1299 horas
831 1268 894 1299 erit
918 1267 1075 1309 predicta
1099 1267 1273 1309 oppositio
1297 1268 1355 1298 uel
1372 1267 1567 1299 coniunctio
1584 1273 1665 1298 ante
1682 1267 1738 1297 uel
1756 1272 1833 1307 post
1848 1276 1918 1298 me-

75 1325 194 1356 ridiem
217 1325 306 1357 intra
340 1335 402 1367 per
437 1325 571 1368 signum
595 1331 629 1356 et
653 1325 801 1368 gradum
826 1325 980 1357 tabulam
1013 1325 1312 1367 argumentilune
1345 1331 1379 1356 et
1409 1335 1471 1366 per
1494 1330 1622 1356 motum
1652 1324 1737 1355 solis
1768 1324 1919 1355 tabulam

76 1389 185 1414 motus
208 1383 289 1414 solis
312 1388 347 1415 et
371 1383 450 1415 lune
473 1383 507 1413 in
542 1394 611 1413 una
646 1383 731 1414 hora
755 1383 961 1424 accipiendo
984 1383 1071 1414 illud
1096 1383 1188 1424 quod
1212 1382 1380 1414 inueneris
1404 1382 1437 1412 in
1463 1382 1597 1413 directo
1622 1392 1739 1413 eorum
1763 1382 1819 1412 uel
1840 1392 1918 1422 pro-

77 1440 288 1483 pinquiorem
312 1451 501 1478 numerum,
525 1440 691 1471 minorem
726 1447 841 1472 tamen
865 1450 918 1479 eo,
943 1440 1060 1471 dando
1085 1440 1113 1471 ei
1139 1440 1448 1481 proportionaliter
1472 1440 1515 1470 de
1540 1439 1702 1482 gradibus
1727 1438 1861 1470 minutis
1886 1444 1919 1469 et

77 1499 237 1530 secundis
261 1498 610 1539 correspondentibus
629 1497 659 1528 ei
675 1497 865 1529 secundum
891 1498 1093 1529 diuisionem
1116 1498 1291 1529 feriarum.
1315 1496 1358 1540 Ε
1381 1497 1517 1528 Deinde
1541 1497 1664 1538 accipe
1689 1496 1920 1528 differentiam

78 1543 238 1587 excessus
262 1556 341 1587 lune
365 1556 410 1587 ad
441 1555 547 1587 solem
573 1566 639 1598 que
663 1561 806 1587 uocatur
829 1555 913 1587 buth
937 1555 1026 1586 idest
1051 1555 1249 1587 differentia
1272 1555 1476 1587 uelocitatis.
1512 1554 1607 1585 Intra
1632 1564 1716 1596 ergo
1748 1564 1824 1584 cum
1856 1553 1920 1585 isto

79 1613 163 1645 buth
199 1613 351 1645 tabulam
388 1613 584 1645 differentie
617 1623 778 1645 excessus
803 1619 837 1644 et
861 1623 966 1656 quere
1002 1613 1035 1643 in
1070 1613 1180 1654 prima
1204 1613 1293 1644 linea
1323 1614 1360 1643 13
1392 1613 1551 1644 horarum
1585 1622 1761 1643 numerum
1785 1612 1815 1642 ei
1839 1621 1920 1642 con-

78 1671 223 1702 similem
247 1671 304 1702 uel
329 1671 359 1701 ei
376 1671 654 1713 propinquiorem
679 1677 712 1702 et
729 1682 832 1714 quere
857 1671 889 1701 in
913 1671 1046 1702 directo
1071 1670 1142 1702 eius
1168 1671 1380 1702 consimilem
1405 1671 1506 1702 etiam
1530 1680 1707 1701 numerum
1725 1669 1920 1700 differentie

78 1729 167 1759 inter
189 1728 374 1759 luminaria
399 1729 575 1763 inuentum
607 1725 707 1771 quem
732 1729 759 1759 si
783 1728 966 1769 inueneris⁷
996 1735 1077 1760 tunc
1103 1734 1202 1760 erunt
1226 1734 1277 1760 tot
1308 1729 1390 1759 hore
1416 1734 1498 1770 quot
1521 1727 1681 1758 inuenisti
1705 1726 1921 1768 suprascrip-

80 1792 143 1817 tas.
167 1785 210 1829 Ε
233 1785 268 1817 Si
293 1792 406 1818 autem
442 1797 509 1817 non
539 1786 710 1817 inueneris
742 1785 886 1817 similem
918 1796 1025 1828 quere
1059 1787 1093 1816 in
1127 1786 1262 1818 directo
1293 1786 1378 1817 buth
1414 1785 1691 1827 propinquiorem
1726 1783 1920 1815 differentic

79 1843 173 1881 bath,
197 1854 237 1875 eo
269 1850 383 1875 tamen
408 1844 573 1875 minorem
598 1849 632 1875 et
656 1843 713 1875 fac
738 1844 1037 1885 comparacionem
1061 1843 1106 1875 ibi
1129 1844 1345 1876 inuentorum
1370 1843 1414 1874 ad
1438 1843 1568 1874 minuta
1592 1843 1675 1874 buth
1704 1853 1770 1885 que
1794 1841 1820 1872 si
1844 1846 1923 1872 sunt

80 1907 130 1931 tot
154 1900 207 1932 sac
232 1912 275 1932 ex
299 1901 347 1932 eis
372 1902 502 1939 horam,
528 1912 605 1932 nam
629 1912 765 1942 semper
790 1902 875 1934 buth
899 1908 950 1933 est
975 1902 1070 1933 hora.
1096 1901 1132 1933 Si
1157 1908 1270 1933 autem
1296 1907 1346 1933 est
1371 1912 1452 1942 pars
1477 1901 1547 1932 eius
1572 1900 1697 1938 media,
1722 1900 1787 1931 erit
1809 1899 1922 1931 media

80 1959 176 1996 hora,
200 1958 227 1989 si
244 1959 408 1998 secunda,
425 1960 580 1991 secunda
605 1961 632 1991 si
650 1959 882 1991 tercia'tercia
899 1966 933 1991 et
958 1959 1006 1991 sic
1031 1960 1074 1990 de
1099 1959 1176 1990 aliis
1201 1965 1234 1990 et
1257 1959 1306 1991 sic
1324 1960 1468 1992 habebis
1486 1960 1604 1990 horam
1630 1964 1663 1989 et
1681 1963 1815 1998 partem
1838 1958 1923 1988 hore

82 2016 126 2047 ad
143 2016 419 2048 coniunctionem
444 2017 500 2049 uel
524 2018 801 2059 preuencionem.
825 2016 868 2060 Ε
891 2016 926 2048 Si
944 2023 1058 2049 autem
1076 2017 1127 2048 uis
1144 2017 1232 2049 scire
1250 2023 1363 2049 utrum
1388 2016 1587 2048 coniunctio
1603 2015 1658 2046 uel
1676 2014 1863 2056 preuencio
1880 2014 1923 2045 sit

82 2073 126 2105 de
150 2074 204 2105 die
228 2074 283 2105 uel
308 2074 352 2106 de
377 2081 490 2113 nocte,
513 2076 601 2107 scias
619 2086 680 2117 per
704 2075 839 2118 signum
865 2080 898 2106 et
922 2075 1070 2117 gradum
1094 2075 1173 2106 solis
1190 2076 1294 2106 horas
1323 2074 1520 2106 medietatis
1544 2073 1633 2104 illius
1656 2073 1659 2114 Ι
1682 2073 1747 2104 diei
1764 2083 1851 2115 quas
1874 2072 1924 2102 in-

82 2131 200 2163 uenies
223 2132 257 2162 in
281 2132 414 2164 directo
437 2133 554 2165 tabule
585 2139 696 2165 motus
729 2133 809 2164 solis
833 2132 867 2163 in
891 2143 960 2164 una
983 2133 1079 2169 hora,
1097 2143 1164 2175 que
1188 2132 1216 2164 si
1247 2132 1370 2164 fuerint
1401 2133 1517 2173 plures
1545 2142 1647 2173 quam
1675 2131 1756 2162 hore
1785 2131 1923 2161 invente

81 2189 114 2219 in
139 2189 256 2221 tabula
280 2190 476 2222 differentie
500 2201 662 2222 excessus
689 2190 784 2228 bath,
803 2196 884 2222 tunc
909 2190 973 2221 erit
996 2190 1198 2222 coniunctio
1222 2191 1278 2221 uel
1295 2190 1482 2231 preuencio
1507 2189 1550 2221 de
1575 2189 1651 2225 die;
1676 2189 1703 2219 si
1727 2194 1842 2220 autem
1859 2188 1924 2219 sint

83 2247 275 2287 pauciores,
298 2247 460 2279 subtrahe
485 2258 545 2279 eas
570 2248 613 2280 ab
636 2249 728 2280 hor'is
754 2248 847 2288 prius
871 2248 1021 2280 inuentis
1056 2254 1088 2279 et
1112 2248 1206 2290 quod
1231 2247 1422 2279 remanebit
1446 2253 1544 2278 erunt
1568 2247 1653 2278 hore
1677 2246 1924 2278 coniunctionis

84 2304 139 2335 uel
162 2304 385 2345 oppositionis
410 2311 490 2337 ante
514 2312 625 2337 ortum
648 2306 731 2337 solis
755 2306 889 2337 scilicet
913 2317 933 2337 a
959 2305 1071 2337 media
1095 2311 1195 2337 nocte
1220 2311 1252 2336 et
1277 2306 1367 2336 ultra
1386 2305 1443 2337 uel
1467 2311 1545 2346 post
1570 2314 1732 2336 occasum
1756 2313 1863 2346 usque
1880 2303 1925 2334 ad

84 2360 232 2392 mediam
255 2368 401 2395 noctem.
427 2361 460 2393 A
484 2363 627 2395 meridie
652 2363 739 2395 enim
764 2374 872 2406 usque
897 2363 941 2394 ad
965 2363 1114 2394 mediam
1138 2368 1278 2394 noctem
1300 2372 1438 2403 semper
1462 2368 1539 2394 sunt
1568 2364 1603 2393 12
1627 2362 1709 2393 hore
1734 2367 1767 2392 et
1784 2361 1925 2392 totidem

86 2430 106 2449 a
129 2419 243 2450 media
267 2425 368 2452 nocte
392 2430 498 2463 usque
523 2421 568 2452 ad
593 2421 781 2452 meridiem.
806 2419 849 2464 Ε
871 2420 905 2451 Si
930 2426 1044 2452 autem
1068 2420 1153 2451 uelis
1178 2420 1265 2451 scire
1289 2421 1403 2451 locum
1428 2420 1499 2451 eius
1523 2419 1554 2450 in
1580 2419 1725 2450 zodiaco
1757 2418 1790 2449 in
1821 2417 1925 2460 signis

86 2476 251 2517 gradibus
276 2483 309 2508 et
332 2477 469 2509 minutis
493 2484 650 2519 tempore
675 2478 919 2510 coniunctionis
944 2478 1000 2509 uel
1024 2477 1258 2519 oppositionis,
1282 2477 1402 2518 accipe
1426 2477 1657 2508 differentiam
1682 2486 1844 2507 excessus
1876 2475 1926 2505 al-

87 2533 191 2565 terius
216 2534 431 2565 luminarium
463 2535 508 2566 ad
537 2536 694 2573 alterum,
717 2536 751 2566 in
777 2535 1017 2567 coniunctione
1042 2535 1180 2578 quidem
1210 2535 1243 2566 in
1267 2535 1372 2577 signis
1396 2534 1561 2577 gradibus
1586 2540 1619 2566 et
1650 2533 1784 2564 minutis
1816 2539 1850 2564 et
1875 2543 1925 2563 sea

87 2591 219 2629 cundis‚
242 2592 275 2622 in
299 2592 517 2633 oppositione
553 2603 638 2625 uero
674 2590 806 2624 tantum
841 2594 873 2623 in
909 2593 1074 2635 gradibus
1099 2593 1234 2624 minutis
1259 2598 1293 2623 et
1325 2592 1498 2625 secundis.
1536 2591 1625 2623 Nam
1650 2590 1684 2621 in
1708 2590 1925 2632 oppositione

88 2659 222 2690 semper
245 2655 383 2690 oportet
407 2660 480 2682 esse
505 2650 710 2682 distanciam
734 2651 823 2682 inter
840 2651 1020 2682 luminaria
1038 2661 1101 2691 per
1120 2650 1134 2683 7
1153 2650 1293 2692 gradus,
1317 2649 1365 2681 ita
1390 2656 1504 2681 tamen
1522 2650 1613 2691 quod
1638 2649 1670 2679 in
1687 2648 1926 2679 coniunctione

89 2706 143 2737 uel
168 2706 383 2747 oppositione
408 2717 475 2738 non
499 2708 544 2739 sit
579 2708 750 2740 distancia
774 2709 882 2740 maior
910 2708 924 2742 7
951 2709 1133 2751 graduum,
1157 2708 1237 2750 quia
1262 2714 1344 2739 tunc
1380 2718 1446 2739 non
1472 2713 1590 2748 posset
1623 2717 1696 2737 esse
1732 2705 1927 2737 coniunctio

90 2763 146 2794 uel
170 2764 356 2805 preuencio
388 2765 447 2796 illa
483 2766 539 2797 die
574 2766 636 2797 sed
662 2766 690 2796 si
723 2758 773 2797 sol
810 2766 887 2807 plus
923 2765 1128 2807 precesserit
1153 2765 1217 2796 erit
1241 2765 1368 2797 futura.
1405 2765 1440 2796 Si
1473 2765 1553 2796 luna
1577 2765 1643 2795 iam
1681 2763 1835 2805 preteriit
1867 2772 1928 2803 per

90 2831 191 2852 unam
217 2821 307 2853 diem
331 2823 442 2854 scribe
467 2833 551 2866 ergo
576 2823 809 2855 differentiam
835 2824 881 2855 ad
906 2830 1040 2865 partem
1075 2824 1313 2855 subtrahendo
1337 2828 1444 2854 toturn
1470 2823 1632 2853 minorem
1665 2833 1684 2852 a
1711 2827 1783 2852 toto
1808 2820 1927 2851 maiori

90 2884 122 2909 et
139 2879 231 2920 quod
249 2880 441 2912 remanebit
459 2881 522 2911 erit
539 2880 737 2912 differentia
755 2888 789 2912 et
807 2882 928 2922 accipe
946 2881 1138 2912 huiusmodi
1157 2881 1351 2912 differentie
1377 2886 1510 2921 partem
1534 2880 1608 2910 12³⁰·
1627 2890 1727 2920 quam
1745 2877 1928 2909 subscribis

91 2936 175 2967 locis
202 2937 426 2970 luminarium.
452 2937 588 2969 Deinde
614 2938 736 2979 accipe
760 2939 861 2969 istam
879 2945 1011 2979 partem
1034 2940 1070 2969 12
1095 2939 1197 2969 simul
1222 2938 1376 2969 additam
1401 2948 1475 2967 cum
1503 2936 1698 2967 differentia
1724 2946 1825 2977 quam
1851 2934 1929 2965 sub·-

91 2993 218 3025 scribes
244 2995 335 3034 parti
364 2996 411 3025 12.
448 2994 492 3025 Et
517 3001 596 3036 post
630 2995 696 3027 hoc
732 2996 811 3028 uide
836 2997 911 3039 quis
949 2996 1166 3027 luminarium
1198 2985 1532 3036 plus'precesserim
1569 3004 1647 3024 nam
1679 2994 1706 3025 si
1741 2993 1820 3023 luna
1851 2992 1928 3033 plus

923 3094 1095 3140 &ma
