2339 3382
367 189 410 219 de
435 188 570 218 minutis
595 185 801 218 diversitatis
827 190 987 225 aspectus
1006 190 1038 214 et
1062 184 1171 214 addes
1196 184 1263 214 hoc
1287 193 1392 223 super
1415 182 1449 214 id
1474 183 1586 223 ipsum
1612 188 1645 213 et
1668 182 1814 214 habebis
1839 183 2074 215 diuersitatem
2092 182 2203 223 longi-

365 246 490 276 tudinis
527 250 697 286 equatain.
748 242 870 272 Diuitle
906 252 981 272 eam
1019 252 1079 282 per
1117 241 1198 272 buth
1241 246 1273 270 et
1313 240 1407 281 quod
1443 240 1547 271 exibit
1584 245 1683 271 erunt
1719 240 1802 271 hore
1838 239 2047 270 diuersitatis
2088 239 2206 280 prime.

365 304 407 348 (Π
433 304 538 340 Quod
562 304 588 333 si
614 303 702 333 inter
729 301 839 331 locum
866 299 943 330 lune
975 304 1009 330 et
1039 299 1188 340 gradum
1214 297 1458 328 ascendentem
1490 297 1613 328 suerint
1638 297 1819 337 pauciores
1851 298 1893 328 90
1917 296 2081 327 subtrahe
2106 296 2206 326 horas

366 361 543 403 predictas
565 372 584 390 a
611 360 686 390 loco
723 358 831 398 prime
868 356 1117 387 coniunctionis
1143 362 1175 386 et
1207 356 1233 385 si
1265 361 1345 385 sunt
1370 355 1496 395 plures,
1522 354 1625 385 adde.
1649 353 1691 397 Ε
1716 354 1801 384 Item
1827 354 1897 384 eius
1922 353 2016 395 quod
2040 359 2118 394 post
2149 351 2207 383 ad-

368 420 535 450 dicionem
560 418 615 449 uel
640 415 910 448 subtractionem
935 414 1138 445 remanserit
1163 414 1252 444 scias
1271 413 1396 443 iterato
1413 411 1665 454 longitudinem
1690 421 1806 442 eorum
1824 422 1844 441 a
1868 411 2022 442 meridie.
2059 410 2103 441 Et
2119 410 2208 440 intra

368 478 493 507 iterato
518 475 664 506 eandem
690 473 844 504 tabulam
869 472 1001 503 scilicet
1027 471 1235 501 diuersitatis
1259 476 1421 510 aspectus
1447 475 1480 500 et
1503 468 1593 499 scias
1619 468 1855 499 diuersitatem
1890 468 1971 499 lune
2003 468 2034 497 in
2061 467 2211 509 longitu-

370 535 447 565 dine
473 534 543 564 eius
579 539 612 563 et
644 542 735 573 equa
772 541 849 562 eam
882 540 959 561 cum
985 519 1120 560 minutis
1158 529 1246 559 linee
1283 534 1405 569 quarte
1442 533 1475 557 et
1511 526 1655 557 habebis
1690 526 1793 556 horas
1825 525 2034 557 diuersitatis
2058 525 2210 556 secunde

372 591 473 623 Adde
498 590 602 632 igitur
626 590 692 620 hoc
718 589 772 619 uel
798 587 973 625 subtrahe,
1005 590 1041 618 ut
1065 586 1261 628 predictum
1286 591 1338 616 est
1370 585 1412 616 ab
1444 584 1536 615 horis
1561 584 1671 625 prime
1695 582 1944 615 coniunctionis
1975 582 2063 613 sicut
2095 582 2208 613 fecisti

371 650 464 691 prius
490 654 523 679 et
546 647 691 679 habebis
715 647 820 677 horas
856 644 1105 676 coniunctionis
1141 643 1305 674 secunde.
1329 641 1372 685 (Ε
1395 641 1493 673 Scias
1526 642 1628 673 etiam
1653 642 1687 672 30
1717 640 1967 683 longitudinem
1999 640 2162 671 horarum
2191 651 2210 671 a

372 707 512 739 meridie
537 711 571 736 et
596 705 648 735 fac
673 703 899 735 consimiliter
924 703 1011 734 sicut
1035 702 1129 742 prius
1162 707 1195 732 et
1227 700 1322 742 quod
1347 700 1451 732 exibit
1476 706 1575 731 erunt
1606 699 1690 731 hore
1723 698 1933 730 diuersitatis
1959 698 2071 730 tertie.
2107 696 2211 730 Adde

371 775 454 806 ergo
478 764 544 794 hoc
568 763 623 793 uel
642 762 754 792 minue
771 761 814 792 ab
832 760 922 791 horis
940 760 1048 800 prime
1067 757 1317 790 coniunctionis
1335 757 1423 788 sicut
1440 757 1552 788 fecisti
1570 756 1682 797 primo
1699 762 1731 787 et
1755 755 1921 794 secundo,
1942 755 1978 787 id
1996 755 2088 797 quod
2106 755 2212 787 exibit

371 828 471 854 erunt
504 822 588 852 hore
624 819 736 851 medie
772 818 909 859 eclipsis
945 817 1135 848 secundum
1164 821 1318 847 nostrum
1353 820 1545 855 aspectum.
1581 814 1698 854 Dupla
1729 814 1833 845 horas
1866 813 2075 845 diuersitatis
2108 813 2214 844 tercie

371 891 432 922 per
457 885 586 911 motum
610 878 690 908 lune
724 882 757 907 et
788 875 868 911 solis
891 875 925 905 in
954 876 986 905 1⁸⁴
1016 874 1099 905 hora
1123 873 1242 904 similis
1267 872 1518 904 coniunctionis
1547 878 1580 902 et
1613 871 1706 913 quod
1731 871 1811 903 inde
1836 871 2018 912 proueniet
2049 870 2213 902 subtrahe

374 950 392 969 a
416 938 494 969 loco
519 935 767 968 coniunctionis
791 933 818 964 si
842 934 923 964 luna
948 938 1028 963 tunc
1053 937 1105 963 est
1130 930 1174 962 ab
1200 930 1412 962 ascendente
1438 929 1547 961 minor
1572 929 1615 960 de
1641 930 1681 960 90
1705 929 1762 960 uel
1787 928 1877 960 adde
1902 928 1989 959 illud
2014 928 2041 959 si
2066 933 2117 959 est
2135 927 2212 969 plus

373 1002 406 1028 et
432 995 525 1037 quod
549 999 627 1035 post
658 994 722 1024 hec
752 991 866 1023 omnia
890 989 1092 1021 remanserit
1127 994 1226 1019 erunt
1261 989 1347 1019 hore
1383 987 1493 1018 medie
1530 986 1669 1028 eclipsis
1693 996 1775 1018 uere
1811 992 1845 1017 et
1872 986 1978 1017 'locus
2009 985 2044 1016 in
2066 985 2215 1017 zodiaco

374 1052 510 1085 uisionis
535 1050 684 1092 eclipsis.
708 1048 750 1092 (ἱ
774 1048 872 1080 Scias
896 1047 999 1078 etiam
1017 1047 1131 1078 locum
1155 1045 1278 1086 capitis
1305 1044 1464 1076 draconis
1481 1045 1515 1075 in
1538 1043 1631 1075 horis
1655 1043 1722 1075 illis
1746 1049 1781 1075 et
1805 1043 1896 1074 adde
1920 1043 1985 1074 hoc
2010 1048 2215 1086 argumento

192 1133 202 1145 :t
217 1132 227 1144 r
252 1132 277 1144 co
313 1127 331 1145 ,κ
373 1109 563 1141 latitudinis
587 1109 614 1139 si
639 1106 833 1138 coniunctio
857 1104 999 1136 uisibilis
1025 1109 1075 1134 est
1099 1109 1176 1144 post
1200 1113 1329 1139 ueram,
1348 1102 1403 1132 uel
1421 1101 1585 1133 subtrahe
1607 1101 1611 1141 Ι
1632 1101 1658 1131 si
1675 1101 1780 1132 fuerit
1810 1110 2000 1133 econuerso
2025 1106 2059 1131 et
2083 1100 2133 1131 sic
2156 1101 2217 1132 ha-

375 1168 469 1201 bebis
494 1171 734 1209 argumentum
756 1163 946 1195 latitudinis
964 1162 1009 1193 ad
1033 1161 1254 1192 medietatem
1281 1160 1426 1201 eclipsis.
1451 1158 1494 1202 (Ε
1518 1159 1615 1190 Intra
1640 1168 1724 1201 ergo
1748 1169 1825 1189 cum
1850 1157 1916 1189 isto
1942 1162 2149 1200 argumento
2166 1163 2217 1188 ta-

376 1226 492 1258 bulam
528 1223 736 1256 diuersitatis
772 1226 934 1263 aspectus
959 1220 1038 1250 lune
1070 1225 1104 1250 et
1134 1219 1223 1250 scias
1255 1218 1492 1249 diuersitatem
1517 1216 1656 1248 ui'sionis
1687 1215 1876 1247 latitudinis
1908 1215 1991 1253 eius,
2024 1220 2137 1246 utrum
2169 1214 2218 1245 ui-

376 1285 505 1315 delicet
535 1283 577 1314 sit
605 1279 838 1312 meridionalis
872 1279 929 1310 uel
964 1276 1259 1319 septentrionalis.
1295 1274 1338 1319 C
1372 1274 1537 1306 Similiter
1572 1275 1661 1305 intra
1697 1285 1774 1305 cum
1809 1273 1902 1304 horis
1938 1272 2051 1303 medie
2081 1271 2220 1313 eclipsis

376 1342 527 1374 tabulam
552 1338 761 1372 diversitatis
785 1342 946 1378 aspectus
978 1341 1011 1366 et
1034 1335 1124 1366 scias
1154 1344 1216 1374 per
1247 1344 1325 1364 eam
1358 1332 1596 1364 diuersitatem
1628 1331 1816 1362 latitudinis
1849 1336 1882 1361 et
1914 1341 2002 1372 equa
2034 1340 2110 1360 eam
2142 1340 2219 1360 cum

377 1399 513 1430 minutis
536 1398 624 1429 linee
649 1399 681 1428 4“ἒ
711 1406 780 1438 que
805 1394 944 1436 quidem
981 1392 1127 1424 latitudo
1162 1401 1299 1432 semper
1335 1396 1386 1422 est
1422 1389 1668 1421 meridionalis.
1692 1387 1735 1432 (Ε
1758 1388 1856 1420 Scias
1892 1387 1995 1418 etiam
2026 1397 2089 1428 per
2117 1396 2220 1428 argu-

377 1463 528 1489 mentum
562 1454 751 1487 latitudinis
786 1452 1000 1483 latitudinem
1024 1451 1105 1481 lune
1138 1455 1172 1480 et
1196 1449 1223 1480 si
1248 1454 1298 1480 est
1331 1447 1560 1479 meridionalis
1586 1447 1678 1479 adde
1703 1452 1810 1478 totam
1835 1445 1935 1477 simul
1959 1450 1992 1475 et
2017 1445 2043 1476 si
2068 1449 2119 1475 est
2142 1454 2220 1485 sep-

377 1514 602 1546 temtrionalis
626 1512 790 1544 subtrahe
814 1510 979 1541 minorem
997 1520 1016 1539 a
1034 1507 1152 1538 maiori
1177 1512 1212 1539 et
1230 1506 1324 1548 quod
1348 1505 1455 1536 exibit
1480 1505 1543 1536 erit
1566 1504 1713 1536 latitudo
1735 1504 1815 1534 lune
1839 1502 1992 1535 uisibilis.
2024 1502 2121 1533 Intra
2137 1512 2221 1544 ergo

378 1573 529 1605 tabulam
561 1571 699 1612 eclipsis
724 1569 806 1600 solis
842 1567 973 1599 seilicet
1008 1566 1164 1598 tabulam
1189 1552 1382 1595 latitudinis
1407 1563 1486 1594 lune
1521 1568 1589 1593 tam
1626 1562 1789 1604 longioris
1826 1572 1931 1603 quam
1965 1559 2223 1601 propinquioris

377 1630 561 1662 scribendo
586 1627 768 1671 quodlibet
792 1636 911 1658 eorum
929 1635 991 1666 per
1016 1634 1065 1662 se,
1082 1623 1215 1655 scilicet
1232 1622 1335 1653 horas
1360 1627 1394 1652 et
1418 1620 1547 1662 digitos
1572 1619 1711 1661 eclipsis
1729 1625 1762 1650 et
1785 1618 1867 1650 uide
1883 1617 2118 1649 differentiam
2134 1617 2222 1648 inter

379 1700 429 1719 ea.
462 1687 559 1719 Scias
584 1687 687 1717 etiam
712 1689 952 1726 argumentum
977 1682 1056 1712 lune
1081 1686 1115 1712 et
1138 1681 1228 1711 intra
1253 1689 1331 1710 cum
1364 1689 1405 1709 eo
1437 1678 1592 1710 tabulam
1616 1676 1809 1719 equationis
1834 1675 1972 1717 eclipsis
2003 1674 2223 1706 luminarium

378 1747 466 1777 idest
491 1744 644 1776 tabulam
670 1741 863 1784 equationis
888 1740 1006 1781 equati
1032 1739 1087 1770 vel
1119 1736 1358 1780 proporcionis
1383 1746 1445 1777 per
1461 1737 1480 1766 2
1504 1746 1556 1777 gr.
1587 1740 1621 1766 et
1649 1734 1767 1765 uideas
1792 1733 1921 1765 minuta
1949 1731 2223 1774 proportionalia

379 1814 447 1845 que
471 1808 551 1833 sunt
581 1802 614 1832 in
647 1801 780 1832 directo
805 1799 893 1829 illius
918 1797 1051 1829 numeri
1075 1795 1210 1829 scilicet
1235 1793 1430 1837 argumenti
1462 1793 1505 1824 de
1538 1792 1674 1823 minutis
1700 1791 1924 1833 longitudinis
1949 1796 1983 1822 et
2007 1790 2111 1822 talem
2143 1799 2223 1831 pro-

380 1861 579 1903 porcionem
604 1859 743 1900 qualem
760 1856 891 1889 habent
916 1856 976 1887 illa
1001 1855 1135 1886 minuta
1160 1853 1205 1884 ad
1231 1853 1272 1884 60
1298 1852 1420 1893 accipe
1438 1851 1480 1882 de
1506 1851 1642 1881 minutis
1666 1849 1872 1881 differencie
1897 1855 1930 1880 et
1954 1848 2047 1879 adde
2064 1848 2129 1879 hoc
2146 1857 2225 1878 cum

380 1931 421 1950 eo
446 1918 539 1959 quod
563 1917 753 1958 scripseras
778 1915 821 1946 de
845 1912 1064 1956 longitudine
1090 1911 1238 1953 longiori
1264 1916 1297 1940 et
1321 1909 1463 1941 habebis
1488 1918 1667 1939 numerum
1692 1907 1878 1949 digitorum
1903 1905 2041 1946 eclipsis
2065 1904 2222 1935 diametri

380 1976 461 2007 solis
497 1981 530 2006 et
565 1974 704 2006 modum
740 1973 844 2004 etiam
877 1981 997 2002 cursus
1033 1981 1053 2001 a
1089 1968 1260 2010 principio
1286 1966 1421 2008 eclipsis
1457 1976 1567 2008 usque
1601 1965 1633 1995 in
1666 1965 1766 1995 tinem
1792 1964 1874 1996 eius.

898 2141 1141 2183 EXPLICIT
1187 2137 1480 2180 DOCTRINA
1527 2136 1710 2177 CANO-

972 2239 1094 2280 NUM
1122 2237 1289 2278 SUPER
1321 2235 1636 2277 ALMANACH

1051 2331 1402 2372 PERPETUUM
1445 2329 1557 2370 OM-

1123 2423 1264 2465 NIUM
1297 2422 1487 2463 PLANE-

1209 2515 1405 2556 TARUM

1287 2603 1332 2699 ἵ
