2352 3473
93 283 290 331 semper
325 279 348 324 7
383 282 454 335 gr.
496 282 562 326 40
600 261 908 318 diminutum,
950 260 1160 312 exoritur
1196 262 1331 327 quod
1374 262 1421 311 in
1465 261 1799 312 coniunctione
1844 281 1926 311 nu-

96 367 260 418 merus
285 346 531 413 graduum
557 346 672 397 min.
704 356 750 396 et
777 365 870 396 sec.
900 345 989 396 loci
1016 344 1125 395 solis
1150 355 1382 395 consonet
1409 365 1522 396 cum
1548 364 1754 396 numero
1786 346 1923 412 grad.

95 431 206 488 min.
245 441 291 482 et
327 450 418 481 sec.
456 430 545 481 loci
584 430 756 488 lunae;
795 430 843 480 in
880 428 1182 495 oppositione
1210 447 1325 479 vero
1362 427 1550 479 differat
1586 445 1607 489 7
1644 448 1716 495 gr.
1757 448 1822 493 40
1860 449 1924 480 m.

95 513 250 580 Quod
277 514 478 581 quidem
504 513 674 565 accidit
700 513 747 563 in
774 512 1012 564 coniunct.
1053 522 1100 562 et
1137 511 1440 578 oppositione
1478 532 1592 563 vera
1628 533 1726 563 non
1763 523 1928 564 autem

94 599 143 649 in
178 598 417 650 coniunct.
458 597 620 648 media
657 608 703 648 et
741 616 910 663 oppos,
950 595 1124 646 media.

197 682 436 733 Praesens
472 681 641 748 regula
677 700 766 747 pro
804 689 935 731 certo
969 678 1116 730 habet
1143 680 1278 746 quod
1305 680 1401 730 iam
1427 679 1601 731 sciatur
1628 680 1760 731 locus
1786 700 1930 731 verus

94 766 203 817 solis
241 776 287 818 et
323 766 465 817 lunae
502 765 550 816 in
576 765 652 816 1113
678 764 770 821 die,
800 764 848 814 in
887 783 984 831 qua
1022 762 1228 814 habetur
1266 763 1537 815 coniunctio
1564 774 1646 815 aut
1673 764 1925 831 oppositio,

93 849 226 901 Dicit
262 860 429 901 autem
465 848 764 915 Prophacius
798 846 1120 899 differentiam
1157 848 1336 899 horum
1369 848 1588 899 locorum
1614 848 1929 900 dividendam

94 955 198 986 esse
224 954 312 1001 per
338 953 399 984 12:
436 934 499 985 ad
525 933 687 984 locum
711 942 876 983 autem
902 932 1044 982 lunae
1072 932 1207 983 addit
1241 950 1280 993 13
1303 932 1481 983 horum
1519 931 1743 999 partium,
1780 952 1930 982 unam

93 1029 259 1070 autem
294 1028 483 1069 tantum
520 1017 582 1068 ad
620 1017 783 1067 locum
819 1035 994 1066 verum
1027 1015 1136 1066 solis
1171 1027 1217 1068 et
1250 1016 1315 1068 510
1348 1015 1589 1067 invenitur
1621 1035 1765 1066 verus
1798 1016 1930 1066 100115

93 1101 414 1153 luminarium.
455 1101 568 1151 Hoc
606 1110 769 1151 tamen
807 1099 900 1150 late
942 1098 1282 1166 accipiendum
1334 1100 1434 1157 esti,
1489 1120 1603 1150 nam
1653 1099 1731 1150 tali
1782 1100 1930 1150 modo

92 1185 322 1251 accipitur
368 1185 502 1252 quod
540 1183 765 1236 velocitas
804 1182 965 1234 media
993 1183 1144 1234 >lunae
1182 1183 1239 1233 sit
1277 1184 1337 1235 ad
1390 1183 1693 1235 velocitatem
1730 1183 1840 1234 solis
1876 1193 1929 1233 ut

91 1289 325 1320 numerus
352 1287 390 1330 13
418 1270 480 1320 ad
519 1289 547 1320 1.
586 1268 668 1319 Re
705 1268 810 1335 ipsa
846 1267 894 1317 in
928 1266 1102 1317 tabulis
1137 1267 1328 1318 medius
1363 1287 1532 1319 cursus
1569 1268 1711 1319 lunae
1749 1268 1797 1318 in
1830 1287 1930 1317 una

90 1353 210 1405 hora
261 1364 331 1405 est
375 1372 432 1415 30
470 1353 582 1404 111111.
623 1358 668 1403 18
713 1372 806 1403 sec.
854 1350 1054 1418 quando
1100 1352 1230 1402 med.
1279 1371 1448 1402 cursus
1492 1352 1601 1402 solis
1640 1363 1711 1403 est
1753 1371 1775 1401 2
1812 1350 1927 1402 min.

90 1455 136 1499 23
174 1458 286 1495 sec.‚
325 1447 386 1489 at.
427 1457 449 1487 2
487 1457 551 1488 m.
593 1456 638 1498 23
678 1456 772 1488 sec.
797 1452 830 1487 ><
854 1453 893 1496 13
921 1463 957 1473 =
984 1452 1042 1495 30
1076 1435 1190 1486 min.
1231 1452 1282 1500 59
1321 1456 1442 1487 seo:
1484 1446 1554 1488 est
1591 1446 1757 1487 autem
1795 1433 1929 1498 36³¹AE

90 1521 287 1589 quando
324 1522 454 1573 med.
484 1541 606 1572 curs.
648 1521 756 1572 solis
795 1531 865 1572 est
901 1516 1034 1584 2¹¹¹33''‚
1074 1530 1122 1570 at
1158 1520 1277 1582 2¹”33''
1299 1537 1331 1571 ><
1355 1539 1394 1581 13
1416 1549 1452 1559 =
1473 1538 1520 1581 33
1548 1520 1661 1571 111111.
1697 1517 1741 1584 9
1763 1540 1857 1571 sec.

199 1672 284 1714 Pag.
310 1673 340 1713 6,
365 1671 423 1703 lin.
448 1680 480 1711 5.
504 1671 540 1703 Si
564 1671 679 1703 locum
703 1671 828 1713 capitis
853 1671 1016 1703 draconis
1041 1670 1232 1703 secundum
1250 1670 1321 1701 eius
1340 1675 1468 1701 motum
1494 1669 1647 1702 medium
1672 1669 1727 1700 vel
1745 1674 1932 1710 aequatum

89 1722 240 1755 invenire
257 1722 390 1765 placuit
413 1722 502 1753 intra
527 1722 661 1754 tabulas
686 1723 758 1754 eius
782 1722 827 1754 ad
853 1722 944 1754 diem
969 1728 1002 1753 et
1026 1732 1179 1754 mensem
1204 1732 1306 1764 quem
1330 1721 1480 1753 volueris
1505 1720 1710 1761 accipiendo
1726 1719 1814 1751 illud
1837 1720 1931 1761 quod

88 1774 122 1805 in
147 1773 279 1805 directo
303 1773 374 1805 eius
398 1779 449 1805 est
474 1779 507 1804 et
531 1773 623 1805 adde
647 1773 715 1805 hoc
739 1784 883 1804 numero
907 1773 1048 1805 invento
1072 1773 1107 1804 in
1131 1773 1267 1804 directo
1292 1772 1371 1803 anni
1395 1771 1640 1814 praecedentis
1665 1777 1700 1802 et
1716 1770 1862 1803 habebis
1885 1771 1932 1802 lo-

91 1835 169 1856 cum
193 1824 264 1856 eius
281 1824 470 1856 secundum
501 1830 630 1856 motum
662 1825 845 1867 aequalem
870 1835 937 1867 quo
966 1830 1047 1856 tunc
1072 1824 1198 1855 utimur
1221 1823 1254 1854 in
1278 1823 1406 1855 tabulis
1430 1823 1514 1854 istis.
1537 1822 1573 1854 Si
1599 1828 1713 1853 autem
1738 1821 1820 1853 velis
1845 1821 1932 1853 scire

90 1885 209 1907 verum
222 1875 334 1907 locum
351 1875 475 1917 capitis
493 1874 660 1906 subtrahe
678 1876 721 1907 ab
738 1885 828 1907 anno
843 1875 930 1907 illud
947 1875 1041 1917 quod
1058 1874 1288 1906 mandabatur
1306 1874 1389 1906 addi
1408 1873 1451 1906 de
1469 1874 1590 1905 diebus
1609 1879 1643 1905 et
1659 1872 1803 1905 habebis
1820 1872 1933 1904 locum

92 1926 165 1959 eius
182 1936 311 1958 verum.
335 1925 370 1958 Si
394 1932 508 1958 autem
532 1926 581 1958 vis
605 1926 694 1958 scire
712 1926 932 1958 latitudinem
948 1927 1050 1958 lunae
1068 1925 1223 1968 quotidie
1240 1926 1314 1957 sive
1331 1925 1531 1957 distantiam
1556 1924 1628 1955 eius
1653 1935 1672 1955 a
1696 1924 1787 1955 nodo
1811 1922 1932 1965 capitis

92 1975 285 2019 praedicto,
309 1977 397 2009 scias
421 1982 549 2009 motum
575 1977 646 2008 eius
671 1977 855 2019 aequalem
879 1977 925 2008 ad
950 1977 1040 2008 diem
1065 1987 1168 2019 quem
1193 1976 1263 2013 vis;
1289 1976 1416 2008 deinde
1441 1975 1532 2007 adde
1557 1986 1634 2007 eum
1658 1975 1735 2007 loco
1761 1974 1864 2005 lunae
1888 1974 1933 2005 ad

93 2028 183 2060 diem
199 2028 356 2059 eamdem
380 2028 519 2060 invento
538 2034 570 2060 et
588 2028 681 2070 quod
705 2028 786 2060 inde
811 2028 916 2060 exibit
940 2028 1002 2059 erit
1019 2033 1260 2071 argumentum
1277 2027 1467 2058 latitudinis
1492 2027 1604 2058 lunae.
1630 2026 1723 2057 Intra
1748 2035 1831 2068 ergo
1856 2035 1932 2057 cum

92 2079 157 2111 hoc
175 2085 378 2122 argumento
395 2079 429 2110 in
445 2078 601 2111 tabulam
618 2079 810 2111 latitudinis
826 2079 929 2111 lunae
946 2079 1146 2121 quaerendo
1164 2078 1376 2110 consimilem
1394 2088 1573 2109 numerum
1589 2077 1765 2120 signorum
1783 2077 1816 2107 in
1829 2076 1934 2118 signis

93 2130 214 2171 positis
237 2130 300 2162 sub
324 2130 380 2161 vel
405 2141 510 2172 supra
534 2130 736 2172 quaerendo
761 2131 863 2162 etiam
889 2130 1100 2162 consimilem
1123 2140 1301 2161 numerum
1326 2128 1496 2171 graduum
1520 2129 1552 2159 in
1576 2128 1668 2160 linea
1692 2127 1823 2158 numeri
1853 2137 1932 2169 gra-

92 2181 196 2212 duum
220 2181 268 2212 eis
291 2181 527 2222 respondente
552 2181 776 2214 ascendendo
801 2192 890 2223 quae
907 2181 1120 2222 respondent
1134 2180 1241 2223 signis
1258 2179 1489 2217 inferioribus,
1506 2179 1561 2211 vel
1578 2179 1827 2211 descendendo
1845 2189 1932 2220 quae

92 2231 305 2273 respondent
329 2232 432 2275 signis
456 2232 693 2273 superioribus
719 2238 753 2264 et
777 2233 871 2274 quod
894 2232 926 2263 in
951 2232 1086 2264 directo
1102 2232 1136 2263 in
1152 2232 1256 2275 signis
1274 2237 1307 2263 et
1323 2231 1488 2274 gradibus
1512 2230 1686 2262 inveneris
1703 2230 1768 2261 erit
1785 2229 1932 2261 latitudo

93 2283 206 2315 lunae.
229 2284 297 2315 Per
319 2283 455 2326 signum
480 2283 584 2315 etiam
602 2283 693 2316 scire
710 2284 839 2325 poteris
855 2289 970 2315 utrum
987 2284 1073 2315 haec
1090 2282 1239 2315 latitudo
1256 2283 1298 2314 sit
1315 2281 1596 2324 septentrionalis
1613 2281 1670 2312 vel
1687 2280 1932 2313 meridionalis.

200 2408 335 2461 Cum
371 2409 447 2461 via
484 2410 626 2462 lunae
652 2410 868 2478 quotidie
896 2421 1026 2462 secet
1053 2409 1184 2461 viam
1211 2409 1319 2460 solis
1346 2411 1452 2472 (seu
1480 2407 1794 2475 ecclipticam)
1821 2406 1932 2457 hinc

94 2513 262 2546 versus
298 2493 590 2561 aquilonem,
630 2494 755 2546 illinc
790 2514 957 2545 versus
984 2504 1218 2551 austrum,
1249 2492 1540 2560 principium
1566 2489 1825 2543 latitudinis
1852 2490 1932 2540 bo-

95 2578 231 2629 realis
275 2597 363 2629 seu
407 2578 710 2629 ascendentis
754 2578 1024 2646 appellatur
1067 2588 1213 2645 caput
1251 2575 1472 2628 draconis
1509 2585 1591 2625 aut
1629 2594 1743 2626 cum
1779 2573 1932 2624 Ptolo-

95 2681 236 2713 maeo
269 2661 428 2713 nodus
453 2663 721 2714 ascendens
747 2662 861 2730 quia
886 2662 948 2714 ab
977 2661 1194 2729 ecliptica
1219 2659 1498 2727 digrediens
1524 2657 1739 2710 ascendit
1764 2677 1932 2708 versus

95 2755 316 2797 nostrum
355 2745 600 2797 verticem.
644 2745 741 2797 Ubi
784 2766 899 2798 vero
938 2747 1052 2797 luna
1087 2745 1280 2796 inchoat
1318 2742 1621 2795 latitudinem
1657 2741 1930 2797 australem,

95 2829 268 2881 dicitur
293 2830 450 2881 cauda
477 2830 698 2881 draconis
730 2830 807 2882 vel
839 2830 999 2881 nodus
1031 2829 1350 2881 descendens.
1388 2825 1623 2892 Quotidie
1649 2835 1815 2877 autem
1840 2823 1932 2874 hae

95 2913 456 2965 intersectiones
493 2924 752 2965 moventur
789 2914 837 2965 in
870 2913 1176 2965 occidentem
1202 2911 1355 2962 tribus
1382 2910 1576 2961 minutis
1600 2909 1712 2966 fere,
1742 2906 1932 2959 medius

95 2997 258 3065 itaque
296 3007 457 3049 motus
495 2997 662 3065 capitis
699 2997 920 3049 draconis
958 3006 1270 3063 computatur
1307 3017 1335 3047 a
1372 2993 1606 3061 principio
1644 2991 1799 3043 arietis
1826 3009 1932 3042 con-

865 3131 909 3166 e*
945 3121 1089 3163 XXIX
1122 3131 1168 3165 ὦ
