2339 3382
367 195 694 260 adsignantur.
736 192 854 258 Qua
897 212 1042 245 causa
1078 211 1100 254 7
1136 214 1208 261 gr.
1251 201 1296 244 et
1335 213 1400 258 40
1439 193 1554 246 min.
1595 195 1685 245 sint
1723 195 1952 247 addenda
1988 197 2205 248 numeris

365 278 412 327 in
449 277 624 328 tabulis
662 278 865 344 repertis
902 276 999 328 iam
1037 277 1223 328 dictum
1262 288 1346 329 est.

470 361 696 413 Fortasse
734 361 883 413 lector
921 372 1122 428 quaerat
1160 361 1278 427 quid
1307 361 1399 412 sint
1424 362 1471 412 in
1499 362 1664 413 tabula
1693 364 1839 415 medii
1867 384 2036 415 cursus
2063 364 2206 414 lunae

364 446 412 495 in
449 446 585 496 annis
623 444 832 496 collectis
868 445 1059 496 numeri
1096 445 1333 511 adsignati
1371 446 1567 496 duobus
1597 447 1839 513 prioribus
1864 447 1999 498 lineis
2025 467 2206 514 nempe

365 548 401 586 2,
432 548 492 587 22,
522 546 575 590 51,
606 548 654 594 41
695 539 740 580 et
776 546 812 590 7,
848 548 885 586 2,
923 549 986 593 14,
1027 549 1081 580 21.
1123 528 1265 580 Haec
1303 529 1471 580 ultima
1508 530 1632 581 linea
1668 530 1846 581 indicat
1883 542 2073 582 motum
2111 551 2207 581 me-

365 613 501 663 dium
538 633 709 664 cursus
747 613 891 664 lunae
929 633 1057 663 anno
1094 631 1204 674 1300
1243 614 1305 664 ad
1344 613 1598 665 meridiem
1636 614 1731 666 diei
1769 633 1821 679 29
1859 614 2115 666 Februarii
2161 624 2207 665 et

366 717 478 748 vere
516 697 654 747 abest
692 718 720 748 3
756 696 1082 747 notationibus
1120 697 1229 748 anni
1268 702 1362 759 1376
1400 697 1585 749 circiter
1621 698 1775 748 tribus
1813 698 2062 765 gradibus,
2093 718 2208 764 quo-

365 782 513 831 modo
540 781 588 831 in
615 800 800 832 canone
829 781 1015 831 dictum
1054 792 1136 839 est,
1170 801 1268 832 una
1306 783 1435 833 enim
1474 782 1708 833 revolutio
1746 783 2005 834 interiacet.
2046 782 2210 832 Prima

364 865 480 915 item
517 865 642 916 linea
678 864 920 931 adsignari
965 865 1115 916 debet
1152 886 1280 917 anno
1318 885 1418 931 1299
1458 877 1504 917 et
1542 866 1863 918 differentiam
1900 866 2037 917 affert
2075 884 2097 927 3
2134 885 2206 932 gr.

364 967 393 996 a
430 959 674 1000 notatione
711 970 753 1000 a.
793 965 892 1010 1375.

474 1078 559 1120 Pag.
578 1079 608 1115 4,
626 1078 675 1109 lin
693 1087 747 1118 43.
765 1076 800 1108 Si
818 1083 934 1109 autem
952 1078 1002 1108 vis
1020 1077 1109 1109 scire
1126 1077 1241 1109 locum
1259 1078 1361 1109 lunae
1380 1089 1498 1110 verum
1516 1078 1573 1110 vel
1590 1084 1777 1120 aequatum
1796 1089 1863 1110 non
1882 1084 2018 1120 oportet
2035 1078 2117 1109 addi
2134 1078 2211 1109 illos

365 1129 380 1162 7
400 1128 529 1171 gradus
546 1134 580 1160 et
594 1130 635 1160 40
653 1129 729 1161 min.
749 1129 811 1160 sed
827 1128 918 1159 intra
936 1128 1053 1159 statim
1071 1129 1227 1160 tabulam
1245 1130 1439 1171 argumenti
1454 1130 1499 1160 ad
1514 1140 1639 1161 annum
1652 1129 1795 1165 Christi;
1813 1140 1942 1171 quaere
1958 1139 2042 1172 ergo
2059 1128 2105 1160 ibi
2120 1129 2211 1160 diem

364 1180 491 1210 mensis
516 1190 579 1220 per
602 1190 783 1211 numerum
808 1179 969 1211 introitus
993 1179 1120 1210 mensis
1144 1180 1272 1211 lunaris
1296 1180 1329 1211 in
1355 1191 1508 1212 mensem
1531 1181 1682 1224 solarem
1700 1186 1735 1212 et
1759 1180 1853 1222 quod
1870 1181 1904 1211 in
1922 1181 2053 1212 directo
2071 1180 2210 1212 01115111-

364 1230 500 1262 veneris
518 1230 561 1262 de
577 1230 694 1272 signis,
711 1230 877 1273 gradibus
895 1236 929 1261 et
946 1230 1084 1261 minutis
1110 1231 1428 1272 proportionalibus
1451 1232 1652 1274 singillatim
1677 1232 1722 1263 ad
1746 1238 1879 1273 partem
1897 1232 2008 1264 scribe
2027 1237 2059 1263 et
2076 1242 2153 1263 cum
2171 1241 2211 1262 eo

361 1281 451 1312 intra
476 1281 611 1313 tabulas
637 1280 852 1323 aequationis
876 1281 990 1319 lunae,
1015 1282 1215 1323 quaerendo
1240 1282 1394 1314 tabulam
1417 1282 1509 1314 illius
1533 1282 1621 1325 signi
1639 1288 1672 1313 et
1689 1283 1817 1326 gradus
1834 1282 1868 1313 in
1886 1282 1976 1314 linea
1993 1282 2123 1314 numeri
2147 1281 2211 1313 sub

363 1343 404 1363 eo
436 1332 637 1374 quaerendo
670 1332 773 1364 etiam
805 1332 937 1364 minuta
970 1333 1245 1374 proportionalia
1271 1344 1360 1376 quae
1383 1339 1461 1365 sunt
1486 1334 1519 1364 in
1543 1344 1705 1375 suprema
1730 1333 1819 1365 linea
1845 1333 2071 1365 transversali
2095 1339 2130 1365 et
2153 1333 2211 1364 ubi

363 1383 455 1414 linea
479 1383 651 1426 graduum
677 1390 861 1415 concurret
887 1394 964 1415 cum
988 1384 1081 1415 linea
1105 1383 1313 1416 minutorum
1338 1385 1650 1426 proportionalium
1674 1395 1853 1416 numerum
1877 1384 1969 1416 illius
1997 1384 2212 1426 aequationis

363 1434 396 1464 in
420 1434 526 1477 signis
550 1433 718 1476 gradibus
743 1438 779 1466 et
803 1434 940 1466 minutis
963 1435 1143 1466 subscribe
1169 1435 1282 1467 medio
1307 1435 1378 1467 eius
1402 1436 1518 1474 motui,
1544 1442 1577 1467 et
1602 1436 1696 1478 quod
1721 1447 1763 1467 ex
1788 1446 1906 1468 eorum
1933 1435 2114 1467 addicione
2132 1445 2211 1476 pro-

364 1485 497 1517 venerit
522 1485 586 1516 erit
610 1496 712 1517 verus
737 1486 835 1517 locus
858 1486 972 1518 lunae.
998 1485 1105 1524 Quod
1129 1487 1157 1518 si
1181 1486 1214 1517 in
1239 1487 1332 1518 linea
1356 1487 1566 1518 minutorum
1594 1487 1906 1529 proportionalium
1938 1497 2006 1518 non
2038 1486 2211 1518 inveneris

363 1536 523 1577 praecise
546 1536 640 1568 illum
664 1547 856 1574 numerum,
873 1547 1004 1578 quaere
1028 1537 1059 1568 ei
1084 1537 1377 1580 propinquiorem,
1402 1539 1573 1570 minorem
1597 1544 1714 1571 tamen
1738 1548 1791 1577 eo,
1815 1544 1849 1569 et
1874 1537 2105 1569 differentiam
2123 1548 2212 1579 quae

364 1593 416 1618 est
445 1587 535 1618 inter
566 1587 653 1618 duos
686 1587 912 1629 aequationes
945 1587 1137 1629 multiplica
1162 1598 1225 1629 per
1247 1595 1384 1630 partem
1416 1589 1564 1631 quinarii
1588 1582 1651 1631 per
1676 1600 1778 1632 quam
1802 1589 1940 1620 excedit
1964 1589 2211 1630 precedentem

365 1637 558 1679 quinarium
583 1644 616 1669 et
641 1638 758 1670 divide
782 1648 846 1680 per
871 1638 949 1671 5·et
974 1638 1083 1671 exibit
1106 1639 1168 1671 tibi
1192 1650 1274 1681 pars
1298 1640 1579 1682 proportionalis,
1597 1651 1699 1682 quam
1723 1640 1834 1672 addes
1859 1640 1989 1681 primae
2014 1638 2210 1681 aequationi

365 1690 391 1719 si
416 1689 516 1721 fuerit
540 1689 662 1728 minor,
687 1689 742 1721 vel
767 1690 900 1722 minues
923 1690 950 1721 si
975 1690 1079 1722 fuerit
1103 1691 1212 1722 maior
1236 1696 1270 1723 et
1295 1701 1370 1722 cam
1395 1691 1505 1723 addes
1529 1691 1643 1723 medio
1668 1691 1774 1723 motui
1799 1697 1833 1723 et
1856 1690 1998 1722 habebis
2023 1701 2141 1722 verum
2160 1690 2210 1721 lo-

366 1750 443 1772 cum
469 1751 552 1772 eius.

466 1853 611 1918 Juxta
643 1853 910 1906 theoricam
944 1855 1087 1907 lunae
1122 1865 1169 1906 et
1203 1855 1509 1922 planetarum
1545 1856 1668 1907 linea
1694 1876 1722 1906 a
1748 1866 1914 1907 centro
1942 1854 2113 1905 mundi
2147 1854 2209 1906 ad

366 1958 547 2003 augem
584 1938 844 1990 deferentis
883 1938 1157 2006 epicyclum
1195 1950 1438 2005 protracta
1476 1940 1662 2006 longior
1696 1950 1766 1991 est
1793 1939 1916 1991 linea
1942 1939 2004 1990 ab
2034 1939 2211 1989 eodem

367 2033 533 2074 centro
570 2023 632 2073 ad
670 2023 952 2090 oppositum
989 2024 1129 2090 augis
1165 2035 1361 2075 extenta
1395 2024 1523 2087 (vide
1556 2023 1639 2091 fig.
1669 2026 1722 2087 7).
1762 2023 2012 2075 Excessus
2046 2033 2213 2074 autem

368 2107 490 2157 illius
528 2126 676 2174 super
712 2107 853 2158 istam
890 2107 938 2157 in
975 2108 1090 2159 luna
1128 2108 1310 2158 divisus
1348 2119 1419 2159 est
1456 2108 1505 2158 in
1531 2111 1595 2158 60
1623 2119 1785 2175 partes
1811 2107 2055 2174 aequales,
2085 2126 2212 2173 quae

370 2191 526 2241 dictae
564 2201 675 2241 sunt
713 2193 910 2241 minuta
936 2191 1355 2257 proportionalia.
1395 2192 1557 2244 Posita
1591 2192 1720 2244 enim
1755 2191 2108 2246 eccentricitate
2134 2190 2212 2240 de-

369 2274 576 2332 ferentis,
618 2275 835 2342 sequitur
873 2296 1074 2344 quoque
1114 2276 1389 2344 epicyclum
1427 2276 1705 2343 inaequales
1755 2295 1894 2326 arcus
1944 2275 1992 2325 in
2036 2273 2213 2325 circulo

371 2359 556 2410 mundo
595 2360 899 2411 concentrico
938 2380 1194 2427 occupare,
1236 2381 1417 2428 nempe
1456 2360 1696 2412 minorem
1723 2360 1922 2426 quando
1949 2358 2093 2409 distat
2119 2358 2214 2407 lon-

370 2443 493 2509 gius,
534 2443 768 2494 maiorem
806 2464 906 2514 quo
944 2444 1146 2511 propius
1184 2446 1247 2496 ad
1285 2465 1373 2496 nos
1410 2445 1620 2504 accedit;
1650 2444 1763 2511 quia
1789 2463 1935 2495 omne
1962 2442 2097 2510 quod
2121 2441 2213 2491 sub

372 2527 537 2577 maiori
575 2527 755 2593 angulo
794 2527 985 2578 videtur
1022 2528 1179 2579 maius
1217 2540 1423 2596 apparet
1452 2539 1498 2580 et
1535 2529 1670 2594 quod
1709 2528 1800 2578 sub
1839 2526 2009 2577 minori
2037 2525 2211 2575 minus.

370 2609 425 2659 In
463 2610 665 2677 planetis
702 2622 866 2661 tamen
904 2611 1216 2663 Ptolomaeus
1256 2612 1465 2679 duplicia
1503 2612 1664 2679 posuit
1715 2610 1900 2661 minuta
1950 2608 2214 2675 proportio-

370 2694 494 2745 nalia
530 2693 630 2762 (fig.
670 2696 714 2755 8)
753 2696 817 2746 ob
856 2695 1134 2747 tarditatem
1174 2707 1336 2747 motus
1364 2707 1410 2747 et
1439 2696 1813 2763 amplitudinem
1840 2693 2033 2745 orbium
2061 2692 2215 2758 epicy-
2268 2688 2271 2689 ⁷

372 2778 573 2829 clorum.
1683 2778 1684 2781 ¹

477 2901 563 2942 Pag.
581 2899 610 2937 5,
629 2900 686 2931 lin.
704 2908 734 2939 7.
760 2900 795 2932 Si
813 2907 930 2932 autem
949 2907 1084 2943 tempus
1099 2902 1351 2933 coniunctionis
1369 2902 1425 2933 vel
1443 2901 1667 2943 oppositionis
1684 2901 1767 2933 solis
1784 2906 1817 2931 et
1834 2900 1935 2930 lunae
1952 2898 2040 2930 scire
2058 2898 2217 2935 volueris,

369 2952 458 2982 intra
475 2951 631 2982 tabulam
656 2951 849 2993 argumenti
874 2952 976 2983 lunae
1001 2952 1091 2983 illius
1117 2952 1196 2983 anni
1222 2953 1300 2984 etsi
1317 2952 1368 2984 vis
1385 2952 1475 2984 scire
1501 2953 1776 2984 coniunctionem
1800 2951 1936 2992 respice
1959 2950 1991 2980 in
2009 2950 2075 2980 fine
2093 2949 2219 2980 mensis

1146 3062 1193 3097 ὑὲ
1226 3053 1363 3093 XXVI
1400 3062 1444 3096 ἡ·
