2339 3382
167 1706 185 1719 r.
200 1701 212 1719 2
228 1705 250 1720 v.
268 1700 316 1719 col.
336 1701 343 1718 l

152 1948 196 1967 ΙΙιί·
211 1949 291 1974 mffl'pil
310 1952 358 1974 spc-

177 1984 290 2010 cisicurc
310 1990 358 2004 mo-

176 2017 225 2036 dnm
232 2017 356 2037 tractandi.

158 2721 248 2740 Canon
272 2722 360 2739 motus

181 2754 236 2774 Iunc.

385 194 578 225 defectibus
596 200 629 224 et
647 194 816 225 erroribus
835 194 973 234 plenum
992 194 1144 231 diuersis,
1163 195 1242 225 ideo
1260 200 1337 234 post
1355 205 1462 225 annos
1480 196 1625 235 predicti
1640 195 1782 228 Armeni
1799 203 1981 228 sexcentos
1999 198 2092 229 venit
2108 198 2224 229 Ysaac

333 256 345 273 ἓ
388 250 557 281 Azarchel
583 251 626 282 de
650 250 770 281 sibilia
795 261 884 282 anno
915 262 1158 282 saracenorum
1184 254 1246 282 400
1250 257 1284 268 '''''
1286 275 1294 288 ,
1323 252 1327 292 Ι
1353 252 1409 293 qui
1434 253 1556 283 uolens
1581 264 1745 293 reparare
1770 254 1898 285 dictum
1925 265 2009 295 opus
2034 255 2225 296 adequauit

386 308 602 339 uniformiter
627 309 785 348 planetas
811 307 941 349 aliquid
970 308 1131 340 addendo
1156 315 1189 340 et
1212 309 1342 350 aliquid
1369 309 1564 347 minuendO,
1596 321 1663 341 non
1688 316 1802 342 tamen
1827 312 2047 349 sufficienter,
2073 313 2163 354 quia,
2189 319 2225 343 ut

387 365 467 402 dixi,
494 375 653 405 magnum
691 366 854 406 temporis
879 366 1027 407 spatium
1061 367 1175 398 fuerat
1199 367 1287 398 inter
1319 366 1507 398 Armenum
1532 373 1565 399 et
1596 368 1722 410 ipsum,
1751 369 1795 400 ad
1821 369 1914 411 quod
1945 370 2225 411 consequebatur

387 433 511 464 magna
536 422 715 454 diuersitas
732 423 765 452 in
782 423 1023 464 adequacione
1047 425 1278 465 planetarum.
1306 423 1474 461 Quamuis
1499 430 1614 456 autem
1631 426 1665 455 in
1683 426 1796 457 medio
1820 432 1913 458 motu
1938 427 2154 468 planetarum
2172 428 2226 459 uel

386 480 498 521 equali
524 485 664 520 possent
690 480 760 511 lieri
791 487 885 512 certe
910 482 1141 513 reuolutiones
1174 482 1220 513 ad
1252 488 1385 512 certum
1418 488 1564 523 tempuS‚
1596 489 1715 523 posset
1740 483 1843 514 etiam
1867 484 1941 515 dari
1973 491 2069 515 certa
2094 484 2149 515 uia
2181 485 2225 515 ad

385 537 581 579 augendum
599 537 655 568 uel
670 538 889 570 minuendum
906 539 938 569 in
956 539 1148 570 huiusmodi
1166 539 1450 575 reuolutionibus3
1465 545 1578 570 tamen
1596 546 1732 571 constat
1751 541 1844 582 quod
1862 541 2083 573 consimiliter
2101 542 2226 574 crescit

386 601 418 625 et
443 594 612 625 decrescit
637 601 875 636 argumentum
901 607 1028 633 eorum,
1054 597 1141 627 sicut
1165 603 1281 628 notum
1318 602 1370 628 est
1394 596 1511 638 peritis
1535 597 1568 627 in
1592 597 1735 628 scientia
1757 597 1832 635 ista,
1858 598 1951 639 quod
1976 599 2056 639 quia
2080 598 2225 630 forsitan

385 664 451 684 non
475 653 677 691 aduertitur‚
695 663 790 685 error
807 654 976 684 maximus
1001 654 1219 686 causabatur.
1238 653 1281 697 <[
1298 654 1375 685 Non
1393 654 1565 685 decuisset
1582 664 1667 697 ergo
1691 660 1824 685 tantum
1848 655 1956 686 uirum
1974 655 2066 687 circa
2084 655 2226 687 alterius

386 711 498 752 operis
524 711 772 743 correctionem
795 711 950 743 insistere
974 711 1035 742 sed
1059 711 1175 752 potius
1193 722 1234 742 ex
1252 717 1324 742 toto
1343 712 1385 742 de
1404 722 1493 743 nouo
1512 712 1627 749 edere,
1652 712 1746 754 quod
1763 712 1852 743 forte
1871 712 1995 743 dimisit
2012 713 2067 744 uel
2085 718 2226 754 propter

385 769 540 800 laborem
565 769 621 800 uel
646 775 787 810 propter
812 769 965 810 aliquam
989 768 1092 799 aliam
1117 769 1296 800 rationem.
1320 768 1364 812 Ε
1387 769 1467 800 Non
1485 769 1660 801 decuisset
1684 780 1766 812 ergo
1791 775 1924 800 tantum
1949 769 2058 801 virum
2076 770 2227 803 scribere

385 838 420 857 se
445 827 605 868 ignorare
628 832 742 858 utrum
767 826 884 857 tabule
909 825 1053 857 Armeni
1078 837 1163 867 quas
1187 826 1260 867 ipse
1284 820 1460 869 corrigere
1484 826 1669 864 nitebatur,
1685 827 1780 858 facte
1799 832 1911 858 essent
1928 827 1973 858 ad
1997 837 2103 858 annos
2121 827 2226 859 Chal-

385 883 529 915 deorum
547 884 603 925 qui
619 889 779 915 constant
795 894 837 914 ex
855 884 918 915 305
933 883 1054 915 diebus
1071 884 1127 914 uel
1141 883 1185 914 ad
1199 894 1306 915 annos
1324 884 1528 922 Alexandri,
1542 894 1618 915 cum
1636 885 1735 915 radix
1748 885 1780 915 in
1794 883 1918 916 tabulis
1931 884 1975 916 sit
1992 885 2095 917 totius
2113 885 2227 926 operis

385 941 655 973 fundamentum.
672 940 714 984 Ε
732 940 817 972 Cum
842 941 945 984 igitur
969 947 1038 972 tam
1056 951 1098 972 ex
1116 941 1242 972 tabulis
1268 939 1412 973 Armeni
1437 952 1539 983 quam
1566 941 1671 973 etiam
1696 941 1825 983 Ysaac,
1849 942 1993 974 studiosi
2017 942 2147 974 nullam
2164 942 2228 974 uti-

384 999 517 1030 litatem
542 1004 836 1040 consequerentur
852 1004 994 1039 propter
1011 998 1182 1039 predicta,
1206 1004 1348 1040 propter
1365 1009 1431 1040 que
1449 999 1661 1041 quandoque
1679 1000 1822 1039 planeta
1838 999 2080 1031 inueniebatur
2095 1000 2128 1029 in
2151 1000 2227 1031 loco

384 1056 500 1088 debito
525 1056 733 1098 quandoque
759 1066 840 1087 uero
863 1057 896 1087 in
921 1057 999 1087 loco
1030 1056 1133 1087 ualde
1166 1056 1302 1088 diuerso
1335 1062 1368 1088 et
1393 1062 1538 1094 remoto,
1576 1057 1655 1088 ideo
1688 1067 1754 1099 ego
1785 1056 2002 1098 Prophacius
2025 1057 2150 1100 judeus
2183 1057 2227 1088 de

384 1113 692 1156 Montepessulano
720 1114 832 1155 primo
856 1114 901 1145 ad
933 1114 1098 1145 honorem
1122 1113 1186 1145 Dei
1210 1119 1244 1145 et
1269 1113 1411 1157 gloriam
1437 1120 1471 1145 et
1497 1115 1541 1145 ad
1565 1115 1757 1146 amicorum
1782 1125 1938 1146 meorum
1963 1121 1996 1145 et
2019 1103 2228 1157 generaliter

385 1172 430 1203 ad
453 1172 602 1203 omnium
626 1171 820 1209 utilitatem,
844 1171 1023 1213 sequendo
1047 1171 1183 1203 radices
1208 1171 1251 1202 de
1276 1171 1401 1203 tabulis
1427 1171 1636 1203 tholethanis
1660 1178 1837 1213 acceptas,
1862 1172 1906 1203 de
1930 1182 2019 1203 nouo
2044 1171 2136 1204 edidi
2167 1172 2229 1203 has

385 1229 521 1260 tabulas
544 1235 717 1261 sumentes
750 1229 1016 1270 computationis
1041 1229 1221 1260 exordium
1245 1228 1289 1260 ab
1314 1239 1404 1260 anno
1428 1224 1699 1260 Christianorum
1729 1230 1811 1261 1300
1836 1229 1990 1270 aprima
2019 1229 2074 1261 die
2108 1229 2229 1272 martij.

385 1287 497 1318 Docui
522 1287 625 1318 etiam
648 1287 681 1317 in
707 1286 902 1318 tabularum
925 1287 1067 1318 istarum
1100 1286 1288 1318 canonibus
1312 1287 1451 1318 modum
1476 1293 1509 1318 et
1533 1287 1623 1318 uiam
1649 1287 1835 1329 quomodo,
1868 1292 2046 1318 transacta
2071 1286 2229 1329 qualibet

385 1344 601 1376 reuolutione
626 1345 845 1385 planetarum
870 1344 993 1385 prima,
1017 1345 1126 1386 possit
1148 1344 1293 1376 inveniri
1317 1345 1460 1386 planeta
1479 1344 1624 1386 quilibet
1641 1345 1674 1375 in
1699 1345 1775 1376 loco
1800 1344 1862 1376 sibi
1886 1344 2002 1376 debito
2026 1344 2113 1375 sicut
2137 1344 2230 1375 inue-

385 1403 475 1433 nitur
492 1413 553 1443 per
571 1402 707 1434 tabulas
724 1402 902 1434 toletanas.
928 1401 1097 1439 Quamuis
1112 1408 1226 1433 autem
1241 1402 1420 1434 doctorum
1437 1403 1588 1434 uirorum
1603 1402 1679 1433 libri
1695 1402 1831 1433 omnino
1848 1402 1984 1432 inutiles
2000 1401 2229 1439 inueniantur‚

386 1460 625 1491 nichilominus
649 1466 763 1491 tamen
787 1459 876 1491 bone
901 1470 1018 1490 eorum
1041 1460 1213 1491 uoluntati
1238 1460 1338 1490 simul
1364 1465 1396 1491 et
1421 1460 1530 1491 labori
1555 1459 1735 1502 regratiari
1761 1459 1938 1496 debemus,
1963 1459 2044 1501 quia
2059 1458 2123 1500 ipsi
2147 1470 2227 1500 ape-

386 1523 530 1549 ruerunt
546 1517 644 1549 nobis
668 1517 761 1548 uiam
786 1523 819 1548 et
843 1517 981 1549 modum
1001 1528 1102 1559 quem
1128 1527 1189 1548 nos
1215 1518 1319 1549 etiam
1342 1518 1375 1548 in
1399 1518 1464 1549 hoc
1482 1528 1586 1559 opere
1604 1517 1857 1559 prosequimur,
1882 1523 2105 1559 preterquam
2121 1516 2156 1548 in
2179 1522 2231 1548 ta—

386 1575 473 1606 bulis
497 1575 585 1607 lune.
612 1575 661 1607 Ibi
679 1575 767 1606 enim
785 1575 829 1606 ad
846 1575 1086 1606 inueniendum
1103 1585 1223 1607 uerum
1241 1576 1355 1607 locum
1374 1576 1453 1606 lune
1470 1575 1538 1616 ipsi
1555 1575 1760 1607 inuenerunt
1785 1575 1928 1606 breuem
1945 1574 2036 1605 uiam
2052 1575 2085 1605 in
2102 1574 2227 1606 tabulis

386 1633 447 1664 sed
470 1633 502 1663 in
535 1633 736 1674 operatione
760 1632 936 1664 difficilem
963 1638 997 1664 et
1022 1633 1173 1675 longam,
1207 1643 1268 1664 nos
1293 1638 1408 1664 autem
1434 1644 1451 1664 e
1476 1643 1647 1664 conuerso
1682 1632 1827 1663 fecimus
1851 1632 1941 1663 uiam
1967 1632 2117 1674 longam,
2149 1632 2228 1674 quia

386 1701 447 1732 per
471 1690 595 1721 multas
620 1690 756 1735 tabulas
780 1690 943 1721 diffusam
962 1696 995 1721 et
1013 1690 1286 1731 multiplicatam,
1309 1691 1312 1731 Ι
1333 1691 1366 1721 in
1391 1690 1591 1732 operatione
1616 1696 1730 1721 autem
1755 1690 1894 1721 breuem
1913 1695 1947 1720 et
1964 1689 2100 1721 facilem
2125 1695 2229 1732 atque

386 1748 522 1779 bonam.
568 1747 625 1779 Ad
660 1747 821 1779 noticiam
858 1754 972 1780 autem
1010 1758 1182 1780 canonum
1218 1754 1252 1779 et
1287 1748 1527 1789 operationum
1562 1754 1596 1780 et
1631 1747 1829 1779 tabularum
1864 1747 2081 1789 sequentium
2118 1746 2229 1788 primo

386 1805 569 1836 dicendum
595 1806 687 1847 quod
722 1805 814 1836 istud
839 1803 1036 1836 Almanach
1070 1805 1252 1847 Prophatii
1283 1805 1373 1837 iudei
1407 1806 1603 1837 ordinatum
1637 1811 1687 1836 est
1721 1805 1794 1836 siue
1824 1804 1953 1835 factum
1984 1814 2088 1846 super
2111 1803 2229 1834 uillam

384 1863 690 1905 Montispessulani
715 1863 760 1894 ad
784 1863 961 1894 meridiem
986 1863 1052 1894 diei
1084 1863 1176 1894 illius
1208 1864 1265 1905 qui
1297 1863 1451 1895 secunda
1484 1863 1567 1894 feria
1591 1863 1796 1894 nominatur.
1820 1862 1863 1907 ([
1887 1863 1950 1895 Est
1976 1869 2089 1895 autem
2120 1864 2228 1907 longi-

386 1921 470 1952 tudo
495 1921 565 1952 eius
591 1921 633 1952 ab
658 1921 790 1953 oriente
819 1921 878 1953 148
912 1921 1084 1964 graduum
1110 1921 1166 1952 vel
1199 1921 1243 1952 ab
1268 1919 1365 1952 Arim
1391 1922 1442 1958 58,
1468 1921 1512 1952 ab
1537 1921 1721 1952 occidente
1752 1931 1834 1952 vero
1859 1923 1900 1952 22
1931 1921 2120 1964 graduum3
2153 1921 2229 1952 lati-

386 1980 469 2010 tudo
493 1984 609 2010 autem
633 1978 703 2009 eius
728 1980 769 2009 43
794 1979 976 2020 graduum.
1001 1978 1043 2022 (ἶ
1067 1978 1232 2020 Sequitur
1255 1984 1369 2010 autem
1394 1978 1485 2010 istud
1510 1978 1707 2010 Almanach
1732 1978 1872 2009 modum
1897 1978 1988 2009 illius
2013 1989 2114 2020 quem
2147 1978 2229 2010 fecit

386 2036 604 2067 Ptholemeus
628 2037 673 2067 ad
698 2035 925 2078 Cleopatram
957 2036 1062 2067 filiam
1085 2047 1194 2074 suam,
1223 2036 1284 2067 sed
1307 2037 1341 2067 in
1366 2036 1446 2067 luna
1479 2036 1740 2067 diversificatur.
1764 2035 1807 2079 (Ε
1830 2036 1868 2068 In
1901 2036 1966 2067 isto
1999 2042 2114 2068 autem
2144 2036 2227 2067 inci-

384 2094 480 2136 piunt
504 2104 620 2125 omnes
653 2094 884 2126 reuolutiones
917 2094 1137 2135 planetarum
1161 2094 1206 2125 ab
1232 2104 1321 2125 anno
1355 2094 1480 2125 domini
1506 2094 1617 2133 nostri,
1637 2093 1716 2125 Iesu
1747 2093 1872 2126 Christi
1900 2094 1983 2125 1300
2007 2099 2040 2125 et
2071 2105 2091 2125 a
2116 2094 2227 2135 prima

386 2152 441 2183 die
467 2152 591 2194 marcij.
616 2151 702 2182 Sunt
726 2159 842 2183 autem
868 2162 985 2184 omnes
1010 2152 1150 2192 planete
1174 2152 1208 2183 in
1234 2152 1344 2192 prima
1368 2152 1418 2182 sui
1443 2151 1665 2184 reuolucione
1690 2152 1809 2194 equati
1833 2152 2023 2183 secundum
2046 2151 2227 2183 ueritatem

386 2209 581 2241 tabularum
606 2210 872 2248 tholetmmrum,
897 2210 929 2240 in
955 2210 1077 2251 quibus
1102 2220 1168 2241 non
1186 2215 1325 2251 oportet
1349 2209 1480 2252 aliquid
1505 2209 1609 2240 minui
1633 2209 1704 2240 siue
1729 2209 1820 2241 addi.
1846 2209 1884 2240 In
1908 2209 2128 2251 sequentibus
2144 2220 2227 2241 uero

385 2267 661 2300 reuolucionibus
686 2267 858 2308 oportebit
883 2267 967 2298 addi
991 2267 1047 2298 uel
1078 2268 1184 2298 minui
1210 2268 1400 2298 secundum
1434 2268 1528 2309 quod
1554 2267 1734 2299 docebitur
1757 2267 1847 2298 infra
1871 2267 1902 2298 in
1931 2267 2122 2298 canonibus
2153 2267 2227 2309 pla-

385 2331 547 2356 netarum.
585 2325 806 2367 Colliguntur
841 2325 943 2356 etiam
968 2325 1163 2356 huiusmodi
1192 2326 1265 2356 dies
1301 2325 1518 2366 superiorum
1544 2325 1644 2355 trium
1680 2325 1898 2366 planetarum
1931 2335 1995 2366 per
2024 2325 2061 2356 lO
2085 2330 2229 2366 propter

387 2383 581 2414 tarditatem
608 2389 718 2413 motus
743 2392 860 2413 eorum
885 2383 917 2412 in
943 2383 1066 2425 quibus
1091 2393 1200 2423 parua
1225 2383 1422 2414 differentia
1446 2382 1478 2412 in
1502 2388 1570 2413 tam
1595 2392 1720 2424 magno
1745 2388 1900 2423 tempore
1924 2382 2117 2419 inuenitur3
2142 2382 2227 2414 infe·

386 2441 514 2472 riorum
539 2451 621 2472 uero
646 2441 719 2472 dies
744 2440 956 2482 colliguntur
980 2451 1042 2482 per
1067 2441 1083 2472 5
1110 2441 1166 2471 uel
1192 2446 1210 2472 ί)
1235 2441 1266 2470 in
1291 2441 1356 2471 fine
1382 2440 1548 2471 mensium
1573 2446 1606 2471 et
1630 2440 1822 2471 secundum
1847 2440 1940 2481 quod
1965 2440 2069 2482 aliqui
2093 2450 2227 2472 menses

387 2499 515 2529 solares
540 2504 700 2529 constant
724 2509 766 2529 ex
790 2500 843 2535 30,
868 2498 1009 2539 quidam
1043 2509 1124 2529 vero
1149 2509 1191 2529 ex
1217 2499 1253 2530 31
1282 2499 1338 2529 uel
1364 2499 1404 2529 28
1431 2498 1487 2528 uel
1511 2499 1551 2529 29
1576 2498 1608 2527 in
1634 2507 1723 2528 anno
1749 2497 1907 2529 bisextili.
1936 2496 2110 2528 Numerus
2142 2507 2225 2529 uero

387 2555 558 2597 graduum
583 2561 616 2586 et
641 2556 848 2586 minutorum
875 2556 932 2597 qui
957 2556 991 2586 in
1015 2556 1148 2587 directo
1183 2555 1317 2586 dierum
1354 2555 1528 2596 reperitur
1552 2555 1739 2596 respondet
1762 2555 1880 2586 ultime
1905 2555 1972 2586 diei
2005 2555 2137 2598 denarij
2170 2555 2227 2587 vel

389 2613 528 2655 quinarij
552 2613 596 2644 ad
621 2613 796 2644 meridiem
821 2612 1137 2654 Montispessulani,
1154 2624 1216 2654 per
1238 2604 1454 2654 consequens
1470 2612 1601 2655 gradus
1619 2618 1652 2643 et
1670 2612 1798 2643 minuta
1820 2612 2023 2644 intermedia
2041 2622 2228 2654 corespon-

388 2670 469 2701 dent
494 2670 613 2701 diebus
638 2671 850 2701 intermediis
874 2671 1062 2702 secundum
1080 2671 1346 2712 proporcionem
1364 2680 1489 2701 eorum.
1516 2668 1573 2700 Ad
1599 2670 1692 2712 quod
1718 2669 1849 2700 facilius
1873 2669 2115 2700 inveniendum
2133 2669 2228 2701 facta
2258 2698 2261 2701 Δ

389 2733 439 2759 est
464 2728 634 2769 quaedam
661 2728 776 2759 tabula
801 2729 915 2768 posita
939 2729 972 2759 in
1005 2729 1069 2760 line
1102 2729 1245 2760 aliarum
1270 2728 1479 2759 tabularum.
1504 2727 1546 2771 ff
1571 2726 1835 2759 Aduertendum
1860 2733 1974 2758 tamen
1999 2727 2092 2768 quod
2119 2727 2153 2757 in
2177 2732 2229 2758 ta-

389 2785 470 2816 bula
493 2785 593 2816 medii
619 2792 730 2816 motus
755 2786 867 2824 lunae,
885 2786 929 2817 ad
945 2786 1188 2818 inueniendum
1216 2792 1345 2818 tantum
1371 2786 1519 2817 medium
1544 2785 1616 2817 eius
1641 2791 1769 2816 motum
1795 2790 1931 2825 oportet
1955 2784 2072 2817 addi?
2097 2784 2226 2826 gradus

390 2847 423 2873 et
446 2843 487 2873 40
511 2842 649 2883 minuta,
675 2844 768 2884 quod
793 2854 860 2875 non
885 2850 1023 2884 oportet
1040 2844 1065 2875 si
1085 2845 1128 2876 ad
1152 2844 1397 2876 inuenientium
1422 2853 1541 2874 uerum
1566 2843 1681 2874 locum
1707 2843 1776 2873 eius
1801 2842 1911 2874 addas
1936 2842 1965 2872 ei
1989 2841 2105 2872 statim
2123 2852 2227 2883 equa—

389 2900 530 2931 cionem.
556 2900 593 2930 In
619 2900 745 2932 tabulis
763 2907 877 2932 autem
902 2903 1093 2943 argumenti
1118 2903 1196 2933 lune
1220 2902 1374 2933 inuenies
1400 2901 1485 2932 duos
1509 2901 1646 2931 ordines
1672 2901 1877 2931 minutorum
1894 2909 1997 2940 super
2020 2899 2226 2940 scripturam

390 2957 554 2989 mensium
577 2958 765 2998 positorum
791 2969 935 3001 quorum
960 2960 1114 3001 superior
1140 2959 1291 2991 ostendit
1315 2969 1492 2989 numerum
1516 2958 1602 2988 ferie
1627 2958 1659 2988 in
1684 2968 1753 2999 qua
1778 2957 1921 2999 quilibet
1946 2956 2071 2987 mensis
2101 2955 2228 2987 lunaris

1215 3055 1394 3090 *3222ss
